"","des","des_es","id","type","tfs","tfs_zulu","x","y","sv_id","start_speed","end_speed","sz_top","sz_bot","pfx_x","pfx_z","px","pz","x0","y0","z0","vx0","vy0","vz0","ax","ay","az","break_y","break_angle","break_length","pitch_type","type_confidence","zone","nasty","spin_dir","spin_rate","cc","mt","url","inning_side.x","inning.x","next_.x","num","on_1b","on_2b","on_3b","count","gameday_link.x","code","event_num.x","play_guid.x","pitcher","batter","b","s","o","start_tfs","start_tfs_zulu","stand","b_height","p_throws","atbat_des","atbat_des_es","event","home_team_runs","away_team_runs","inning_side.y","inning.y","next_.y","event2","event3","batter_name","pitcher_name","event4","gameday_link.y","date","end_tfs_zulu","event_num.y","event_es","play_guid.y","event2_es","year"
"1","Automatic Ball","Bola mala automática",264,"B","193226","2018-04-28T19:32:26Z",1,"2018-04-28T19:32:26Z",NA,NA,NA,3.49,1.601,NA,NA,NA,NA,NA,NA,NA,NA,NA,NA,NA,NA,NA,NA,NA,NA,NA,NA,NA,NA,NA,NA,"","","http://gd2.mlb.com/components/game/mlb/year_2018/month_04/day_28/gid_2018_04_28_cinmlb_minmlb_1/inning/inning_all.xml","top",5,"Y",35,NA,519023,594807,"2-0","gid_2018_04_28_cinmlb_minmlb_1","V","264",NA,543606,608385,4,0,2,"193045","2018-04-28T19:30:45Z","L","6-3","R","Jake Odorizzi intentionally walks Jesse Winker.  ","Jake Odorizzi recibe base por bolas intencional Jesse Winker.  ","Intent Walk","2","1","top",5,"Y",NA,NA,"Jesse Winker","Jake Odorizzi",NA,"gid_2018_04_28_cinmlb_minmlb_1","2018-04-28","2018-04-28T19:32:30Z","267","Base por Bolas Intencional",NA,NA,"2018"
"2","Automatic Ball","Bola mala automática",265,"B","193226","2018-04-28T19:32:26Z",1,"2018-04-28T19:32:26Z",NA,NA,NA,3.49,1.601,NA,NA,NA,NA,NA,NA,NA,NA,NA,NA,NA,NA,NA,NA,NA,NA,NA,NA,NA,NA,NA,NA,"","","http://gd2.mlb.com/components/game/mlb/year_2018/month_04/day_28/gid_2018_04_28_cinmlb_minmlb_1/inning/inning_all.xml","top",5,"Y",35,NA,519023,594807,"3-0","gid_2018_04_28_cinmlb_minmlb_1","V","265",NA,543606,608385,4,0,2,"193045","2018-04-28T19:30:45Z","L","6-3","R","Jake Odorizzi intentionally walks Jesse Winker.  ","Jake Odorizzi recibe base por bolas intencional Jesse Winker.  ","Intent Walk","2","1","top",5,"Y",NA,NA,"Jesse Winker","Jake Odorizzi",NA,"gid_2018_04_28_cinmlb_minmlb_1","2018-04-28","2018-04-28T19:32:30Z","267","Base por Bolas Intencional",NA,NA,"2018"
"3","Ball","Ball",4,"B","181254","2019-04-28T18:12:54.000Z",99.14,"2019-04-28T18:12:54.000Z","190428_181259",93.3,85.1,3.37,1.65,-2.93,9.45,0.47,3.56,-1.48,50,6.55,6.24,-135.66,-5.27,-5.45,30.39,"-14.62","24.0","14.4",3.6,"FF",NA,NA,NA,NA,NA,"","","http://gd2.mlb.com/components/game/mlb/year_2019/month_04/day_28/gid_2019_04_28_balmlb_minmlb_1/inning/inning_all.xml","top",1,"Y",1,NA,NA,NA,"1-1","gid_2019_04_28_balmlb_minmlb_1","B","4","3e13c41a-471d-4bb0-b466-9e77f9b55aba",502043,542340,2,2,0,"162652","2019-04-28T16:26:52.000Z","L","6' 1","R","Jonathan Villar doubles (6) on a sharp fly ball to center fielder Byron Buxton.","Jonathan Villar doubles (6) on a sharp fly ball to center fielder Byron Buxton.","Double","0","0","top",1,"Y",NA,NA,"Jonathan Villar","Kyle Gibson",NA,"gid_2019_04_28_balmlb_minmlb_1","2019-04-28","2019-04-28T18:14:08.000Z","1","Double","3070cf68-4ad2-4652-bd58-d1756f22a9e1",NA,"2019"
"4","Ball","Ball",5,"B","234144","2019-04-16T23:41:44.000Z",65.73,"2019-04-16T23:41:44.000Z","190416_234149",82.3,76.6,2.96,1.41,1.79,-4.73,1.35,0.12,-1.79,50,6.3,6.84,-119.65,-6.31,2.59,23.39,"-39.03","24.0","4.8",10.8,"CU",NA,NA,NA,NA,NA,"","","http://gd2.mlb.com/components/game/mlb/year_2019/month_04/day_16/gid_2019_04_16_tormlb_minmlb_1/inning/inning_all.xml","top",1,"Y",1,NA,NA,NA,"1-2","gid_2019_04_16_tormlb_minmlb_1","B","5","e0a713e4-a10d-4455-b9cf-b16cd919dd34",502043,519299,2,2,0,"222517","2019-04-16T22:25:17.000Z","L","5' 10","R","Eric Sogard singles on a sharp line drive to center fielder Byron Buxton.","Eric Sogard singles on a sharp line drive to center fielder Byron Buxton.","Single","0","0","top",1,"Y",NA,NA,"Eric Sogard","Kyle Gibson",NA,"gid_2019_04_16_tormlb_minmlb_1","2019-04-16","2019-04-16T23:42:34.000Z","1","Single","a1fd2700-14f8-447b-91f0-0b34375fab57",NA,"2019"
"5","Ball","Ball",10,"B","181431","2019-03-30T18:14:31.000Z",97.86,"2019-03-30T18:14:31.000Z","190330_181436",74.1,68.1,3.14,1.54,2.73,-6.75,0.5,0.72,-1.1,50,6.14,2.64,-107.55,-1.96,3.15,21.07,"-39.97","24.0","4.8",14.4,"CU",NA,NA,NA,NA,NA,"","","http://gd2.mlb.com/components/game/mlb/year_2019/month_03/day_30/gid_2019_03_30_clemlb_minmlb_1/inning/inning_all.xml","top",1,"Y",2,NA,NA,NA,"1-1","gid_2019_03_30_clemlb_minmlb_1","B","10","a75de3d1-4b65-4121-8c6c-14d277415844",543606,608070,3,3,2,"181342","2019-03-30T18:13:42.000Z","L","5' 9","R","Jose Ramirez strikes out swinging.","Jose Ramirez strikes out swinging.","Strikeout","0","0","top",1,"Y",NA,NA,"Jose Ramirez","Jake Odorizzi",NA,"gid_2019_03_30_clemlb_minmlb_1","2019-03-30","2019-03-30T18:15:44.000Z","7","Strikeout","848a3366-9b30-4333-a6b9-5edbe2515105",NA,"2019"
"6","Ball","Ball",11,"B","181439","2019-04-14T18:14:39.000Z",153.29,"2019-04-14T18:14:39.000Z","190414_181444",80.9,74,3.51,1.74,6.58,-2.46,-0.95,1.52,-3.23,50,5.47,3.3,-117.65,-1.43,9.11,24.76,"-35.58","24.0","15.6",10.8,"CU",NA,NA,NA,NA,NA,"","","http://gd2.mlb.com/components/game/mlb/year_2019/month_04/day_14/gid_2019_04_14_detmlb_minmlb_1/inning/inning_all.xml","top",1,"Y",2,NA,NA,NA,"1-0","gid_2019_04_14_detmlb_minmlb_1","B","11","84ea1971-8a42-4eb2-b527-c6eaa269301e",621244,408234,2,2,0,"181409","2019-04-14T18:14:09.000Z","R","6' 4","R","Miguel Cabrera singles on a line drive to left fielder Eddie Rosario.   Jeimer Candelario to 2nd.","Miguel Cabrera singles on a line drive to left fielder Eddie Rosario.   Jeimer Candelario to 2nd.","Single","0","0","top",1,"Y",NA,NA,"Miguel Cabrera","Jose Berrios",NA,"gid_2019_04_14_detmlb_minmlb_1","2019-04-14","2019-04-14T18:16:09.000Z","9","Single","a2bf04bd-7bd7-4fd2-972f-82f3f2eeb348",NA,"2019"
"7","Ball","Ball",19,"B","181714","2019-04-14T18:17:14.000Z",157.23,"2019-04-14T18:17:14.000Z","190414_181719",78.8,72.1,3.44,1.62,7.39,-2.39,-1.06,3.33,-3.21,50,5.72,2.7,-114.57,2.46,9.76,22.45,"-35.34","24.0","16.8",10.8,"CU",NA,NA,NA,NA,NA,"","","http://gd2.mlb.com/components/game/mlb/year_2019/month_04/day_14/gid_2019_04_14_detmlb_minmlb_1/inning/inning_all.xml","top",1,"Y",3,NA,NA,NA,"1-0","gid_2019_04_14_detmlb_minmlb_1","B","19","c0d3aadb-3837-44e1-a5dc-081f6c81e279",621244,621514,3,1,1,"181647","2019-04-14T18:16:47.000Z","L","6' 0","R","Christin Stewart grounds into a force out, fielded by shortstop Jorge Polanco.   Jeimer Candelario to 3rd.    Miguel Cabrera out at 2nd.    Christin Stewart to 1st.","Christin Stewart grounds into a force out, fielded by shortstop Jorge Polanco.   Jeimer Candelario to 3rd.    Miguel Cabrera out at 2nd.    Christin Stewart to 1st.","Forceout","0","0","top",1,"Y",NA,NA,"Christin Stewart","Jose Berrios",NA,"gid_2019_04_14_detmlb_minmlb_1","2019-04-14","2019-04-14T18:19:03.000Z","17","Forceout","59158a84-78ac-47b4-96d2-b0f1f8e1b157",NA,"2019"
"8","Ball","Ball",21,"B","181658","2019-04-27T18:16:58.000Z",175.9,"2019-04-27T18:16:58.000Z","190427_181703",83.4,77.9,3.63,1.58,-10.45,1.67,-1.55,1.15,-3.09,50,5.33,7.01,-121.36,-3.94,-15.85,20.1,"-29.64","24.0","26.4",8.4,"CH",NA,NA,NA,NA,NA,"","","http://gd2.mlb.com/components/game/mlb/year_2019/month_04/day_27/gid_2019_04_27_balmlb_minmlb_1/inning/inning_all.xml","top",1,"Y",3,NA,NA,NA,"2-1","gid_2019_04_27_balmlb_minmlb_1","B","21","33baa469-2dcd-49d6-b92a-b5601b8c00da",621244,596105,3,1,2,"181339","2019-04-27T18:13:39.000Z","L","6' 0","R","Dwight Smith Jr flies out to center fielder Max Kepler.","Dwight Smith Jr flies out to center fielder Max Kepler.","Flyout","0","0","top",1,"Y",NA,NA,"Dwight Smith","Jose Berrios",NA,"gid_2019_04_27_balmlb_minmlb_1","2019-04-27","2019-04-27T18:17:47.000Z","16","Flyout","a6676211-96a4-4f85-a5c0-4854183499b1",NA,"2019"
"9","Ball","Ball",21,"B","201359","2019-04-20T20:13:59.000Z",198.5,"2019-04-20T20:13:59.000Z","190420_201404",91.9,83.3,3.42,1.71,-6.43,8.74,-2.14,2.16,-3.23,50,5.42,5.06,-133.53,-5.42,-11.5,31.46,"-16.56","24.0","30.0",4.8,"FF",NA,NA,NA,NA,NA,"","","http://gd2.mlb.com/components/game/mlb/year_2019/month_04/day_20/gid_2019_04_20_minmlb_balmlb_1/inning/inning_all.xml","bottom",1,"Y",4,NA,NA,NA,"1-0","gid_2019_04_20_minmlb_balmlb_1","B","21","a79b6734-49b5-4284-9150-761be3a5e09d",621244,542340,3,1,0,"201336","2019-04-20T20:13:36.000Z","L","6' 1","R","Jonathan Villar hit by pitch.","Jonathan Villar hit by pitch.","Hit By Pitch","0","0","bottom",1,"Y",NA,NA,"Jonathan Villar","Jose Berrios",NA,"gid_2019_04_20_minmlb_balmlb_1","2019-04-20","2019-04-20T20:14:49.000Z","19","Hit By Pitch","d1ff8845-fb6d-47d5-b8fb-a563cb4dae61",NA,"2019"
"10","Ball","Ball",22,"B","003947","2019-04-18T00:39:47.000Z",143.16,"2019-04-18T00:39:47.000Z","190418_003951",91.4,82.8,3.45,1.77,-4.26,10.55,-0.69,4.35,-0.85,50,6.13,1.86,-132.99,-2.1,-7.56,30.85,"-13.45","24.0","27.6",3.6,"FF",NA,NA,NA,NA,NA,"","","http://gd2.mlb.com/components/game/mlb/year_2019/month_04/day_17/gid_2019_04_17_tormlb_minmlb_1/inning/inning_all.xml","top",1,"Y",4,NA,NA,NA,"1-0","gid_2019_04_17_tormlb_minmlb_1","B","22","6d16526d-d83f-4b6b-974a-0976d83e0641",543606,475253,2,1,2,"003918","2019-04-18T00:39:18.000Z","L","6' 4","R","Justin Smoak singles on a fly ball to center fielder Byron Buxton.   Freddy Galvis scores.","Justin Smoak singles on a fly ball to center fielder Byron Buxton.   Freddy Galvis scores.","Single","0","1","top",1,"Y",NA,NA,"Justin Smoak","Jake Odorizzi",NA,"gid_2019_04_17_tormlb_minmlb_1","2019-04-17","2019-04-18T00:40:50.000Z","20","Single","a23c9b45-97ed-45fd-9460-c780c7d6620a",NA,"2019"
"11","Ball","Ball",25,"B","235121","2019-04-05T23:51:21.000Z",97.37,"2019-04-05T23:51:21.000Z","190405_231338",91,80.7,3.45,1.64,-6.56,13.31,-1.49,4.3,-1.16,50,6.04,1.34,-132.15,-2.67,-11.25,36.22,"-9.35","24.0","46.8",3.6,"FF",NA,NA,NA,NA,NA,"","","http://gd2.mlb.com/components/game/mlb/year_2019/month_04/day_05/gid_2019_04_05_minmlb_phimlb_1/inning/inning_all.xml","bottom",1,"Y",5,NA,NA,NA,"0-0","gid_2019_04_05_minmlb_phimlb_1","B","25","5e26eca5-15b0-4de2-9813-9d26b4b4b9d2",543606,457705,4,2,0,"235120","2019-04-05T23:51:20.000Z","R","5' 11","R","Andrew McCutchen walks.","Andrew McCutchen walks.","Walk","0","0","bottom",1,"Y",NA,NA,"Andrew McCutchen","Jake Odorizzi",NA,"gid_2019_04_05_minmlb_phimlb_1","2019-04-05","2019-04-05T23:51:35.000Z","24","Walk","c5778ab0-81fd-47e4-935c-58f3a3a7865a",NA,"2019"
"12","Ball","Ball",26,"B","172434","2019-04-03T17:24:34.000Z",73.65,"2019-04-03T17:24:34.000Z","190403_172439",86.2,80,3.43,1.57,-8.25,4.24,1.14,0.59,-2.03,50,6.02,10.52,-125.09,-8.35,-13.19,23.23,"-25.4","24.0","22.8",7.2,"CH",NA,NA,NA,NA,NA,"","","http://gd2.mlb.com/components/game/mlb/year_2019/month_04/day_03/gid_2019_04_03_minmlb_kcamlb_1/inning/inning_all.xml","bottom",1,"Y",5,NA,NA,NA,"1-0","gid_2019_04_03_minmlb_kcamlb_1","B","26","a8766187-c4d8-40b8-8b7d-6bace84a34e9",502043,609275,3,0,1,"172408","2019-04-03T17:24:08.000Z","L","6' 1","R","Adalberto Mondesi triples (3) on a fly ball to left fielder Eddie Rosario.","Adalberto Mondesi triples (3) on a fly ball to left fielder Eddie Rosario.","Triple","0","0","bottom",1,"Y",NA,NA,"Raul Mondesi","Kyle Gibson",NA,"gid_2019_04_03_minmlb_kcamlb_1","2019-04-03","2019-04-03T17:25:35.000Z","24","Triple","68f752f9-0761-4e52-966b-1e3862eb2eb3",NA,"2019"
"13","Ball","Ball",27,"B","172455","2019-04-03T17:24:55.000Z",72.71,"2019-04-03T17:24:55.000Z","190403_172500",85.9,79.9,3.42,1.6,-7.97,3.22,1.16,1.79,-2.01,50,6.14,10.42,-124.86,-5.35,-12.73,22.27,"-27.02","24.0","21.6",7.2,"CH",NA,NA,NA,NA,NA,"","","http://gd2.mlb.com/components/game/mlb/year_2019/month_04/day_03/gid_2019_04_03_minmlb_kcamlb_1/inning/inning_all.xml","bottom",1,"Y",5,NA,NA,NA,"2-0","gid_2019_04_03_minmlb_kcamlb_1","B","27","bc4e5dbe-6dce-4217-b9ab-834595584adb",502043,609275,3,0,1,"172408","2019-04-03T17:24:08.000Z","L","6' 1","R","Adalberto Mondesi triples (3) on a fly ball to left fielder Eddie Rosario.","Adalberto Mondesi triples (3) on a fly ball to left fielder Eddie Rosario.","Triple","0","0","bottom",1,"Y",NA,NA,"Raul Mondesi","Kyle Gibson",NA,"gid_2019_04_03_minmlb_kcamlb_1","2019-04-03","2019-04-03T17:25:35.000Z","24","Triple","68f752f9-0761-4e52-966b-1e3862eb2eb3",NA,"2019"
"14","Ball","Ball",28,"B","181925","2019-04-27T18:19:25.000Z",66.05,"2019-04-27T18:19:25.000Z","190427_181930",80.2,73.3,3.63,1.65,9.96,-1.91,1.34,2.13,-3.15,50,5.55,7.3,-116.48,-0.2,13.47,24.99,"-34.75","24.0","22.8",10.8,"CU",NA,NA,NA,NA,NA,"","","http://gd2.mlb.com/components/game/mlb/year_2019/month_04/day_27/gid_2019_04_27_balmlb_minmlb_1/inning/inning_all.xml","top",1,"Y",4,NA,NA,NA,"2-1","gid_2019_04_27_balmlb_minmlb_1","B","28","e0df5465-d27d-4dab-895d-0f60f16b8730",621244,600524,3,3,3,"181756","2019-04-27T18:17:56.000Z","R","6' 1","R","Renato Nunez strikes out swinging.","Renato Nunez strikes out swinging.","Strikeout","0","0","top",1,"Y",NA,NA,"Renato Nunez","Jose Berrios",NA,"gid_2019_04_27_balmlb_minmlb_1","2019-04-27","2019-04-27T18:20:15.000Z","24","Strikeout","c0cced81-09b8-4fd7-8166-efffc5a2ecd9",NA,"2019"
"15","Ball","Ball",31,"B","235133","2019-04-05T23:51:33.000Z",96.49,"2019-04-05T23:51:33.000Z","190405_231552",85,77.9,3.48,1.66,-7.94,4.82,0.09,0.73,-0.86,50,5.77,4.82,-123.37,-7.16,-12.18,25.57,"-24.77","24.0","22.8",7.2,"FS",NA,NA,NA,NA,NA,"","","http://gd2.mlb.com/components/game/mlb/year_2019/month_04/day_05/gid_2019_04_05_minmlb_phimlb_1/inning/inning_all.xml","bottom",1,"Y",5,NA,NA,NA,"3-2","gid_2019_04_05_minmlb_phimlb_1","B","31","c5778ab0-81fd-47e4-935c-58f3a3a7865a",543606,457705,4,2,0,"235120","2019-04-05T23:51:20.000Z","R","5' 11","R","Andrew McCutchen walks.","Andrew McCutchen walks.","Walk","0","0","bottom",1,"Y",NA,NA,"Andrew McCutchen","Jake Odorizzi",NA,"gid_2019_04_05_minmlb_phimlb_1","2019-04-05","2019-04-05T23:51:35.000Z","24","Walk","c5778ab0-81fd-47e4-935c-58f3a3a7865a",NA,"2019"
"16","Ball","Ball",35,"B","202919","2019-03-28T20:29:19.000Z",169.36,"2019-03-28T20:29:19.000Z","190328_202924",92.8,85.5,3.3,1.58,-9.82,7.09,-1.37,2.69,-2.9,50,5.35,7.5,-134.94,-3.59,-18.29,26.61,"-18.97","24.0","40.8",6,"FT",NA,NA,NA,NA,NA,"","","http://gd2.mlb.com/components/game/mlb/year_2019/month_03/day_28/gid_2019_03_28_clemlb_minmlb_1/inning/inning_all.xml","top",2,"Y",8,NA,NA,NA,"1-0","gid_2019_03_28_clemlb_minmlb_1","B","35","39b835cf-db0c-44c6-8986-e2cad52f6e40",621244,434670,2,1,2,"202845","2019-03-28T20:28:45.000Z","R","6' 2","R","Hanley Ramirez lines out to right fielder Max Kepler.","Hanley Ramirez lines out to right fielder Max Kepler.","Lineout","0","0","top",2,"Y",NA,NA,"Hanley Ramirez","Jose Berrios",NA,"gid_2019_03_28_clemlb_minmlb_1","2019-03-28","2019-03-28T20:30:12.000Z","33","Lineout","eaa1999d-fccf-4e1b-af61-9a5fc370043d",NA,"2019"
"17","Ball","Ball",39,"B","232345","2019-04-10T23:23:45.000Z",157.43,"2019-04-10T23:23:45.000Z","190410_232350",86.3,78.6,3.67,1.72,-10.14,4.65,-1.06,1.76,-1.12,50,6.05,3.38,-125.33,-5.54,-15.97,27.68,"-24.85","24.0","30.0",7.2,"FS",NA,NA,NA,NA,NA,"","","http://gd2.mlb.com/components/game/mlb/year_2019/month_04/day_10/gid_2019_04_10_minmlb_nynmlb_1/inning/inning_all.xml","bottom",1,"Y",6,NA,NA,NA,"1-0","gid_2019_04_10_minmlb_nynmlb_1","B","39","723268e1-0897-4190-a659-bf84b778574d",543606,429664,3,3,3,"232313","2019-04-10T23:23:13.000Z","L","6' 0","R","Robinson Cano called out on strikes.","Robinson Cano called out on strikes.","Strikeout","0","0","bottom",1,"Y",NA,NA,"Robinson Cano","Jake Odorizzi",NA,"gid_2019_04_10_minmlb_nynmlb_1","2019-04-10","2019-04-10T23:25:49.000Z","37","Strikeout","4ca2ddc4-2e63-445d-85a0-d1927568c475",NA,"2019"
"18","Ball","Ball",43,"B","172019","2019-04-07T17:20:19.000Z",182.33,"2019-04-07T17:20:19.000Z","190407_172024",92.7,84,3.18,1.58,-6.42,9.7,-1.71,2.88,-3.28,50,5.36,6.37,-134.75,-3.85,-11.7,31.55,"-14.49","24.0","33.6",3.6,"FF",NA,NA,NA,NA,NA,"","","http://gd2.mlb.com/components/game/mlb/year_2019/month_04/day_07/gid_2019_04_07_minmlb_phimlb_1/inning/inning_all.xml","bottom",1,"Y",8,NA,NA,NA,"0-0","gid_2019_04_07_minmlb_phimlb_1","B","43","a5e5318f-8ccd-430d-ac9c-a53305f2c648",621244,547180,4,2,2,"172011","2019-04-07T17:20:11.000Z","L","6' 3","R","Bryce Harper walks.","Bryce Harper walks.","Walk","0","1","bottom",1,"Y",NA,NA,"Bryce Harper","Jose Berrios",NA,"gid_2019_04_07_minmlb_phimlb_1","2019-04-07","2019-04-07T17:22:26.000Z","42","Walk","5ee5c197-b79e-4e65-9a2e-b9721fed742b",NA,"2019"
"19","Ball","Ball",43,"B","235634","2019-04-16T23:56:34.000Z",76,"2019-04-16T23:56:34.000Z","190416_235638",93.1,85.5,3.53,1.71,-4.51,10.05,1.08,3.39,-1.51,50,6.35,8.49,-135.42,-5.42,-8.42,28.14,"-13.42","24.0","25.2",3.6,"FF",NA,NA,NA,NA,NA,"","","http://gd2.mlb.com/components/game/mlb/year_2019/month_04/day_16/gid_2019_04_16_tormlb_minmlb_1/inning/inning_all.xml","top",2,"Y",7,NA,NA,NA,"1-0","gid_2019_04_16_tormlb_minmlb_1","B","43","fe8ad5f9-6a0b-4dec-b255-56f27c46d43e",502043,475253,3,2,1,"235551","2019-04-16T23:55:51.000Z","L","6' 4","R","Justin Smoak flies out sharply to center fielder Byron Buxton.","Justin Smoak flies out sharply to center fielder Byron Buxton.","Flyout","0","0","top",2,"Y",NA,NA,"Justin Smoak","Kyle Gibson",NA,"gid_2019_04_16_tormlb_minmlb_1","2019-04-16","2019-04-16T23:58:09.000Z","41","Flyout","1f5e29a8-5299-46cc-9dbd-055b05bdb56e",NA,"2019"
"20","Ball","Ball",44,"B","172037","2019-04-07T17:20:37.000Z",71.85,"2019-04-07T17:20:37.000Z","190407_172042",81.9,74.6,3.12,1.47,8.8,0.2,1.19,1.25,-3.13,50,5.32,7.39,-118.86,-2.64,12.35,26.69,"-31.9","24.0","22.8",10.8,"CU",NA,NA,NA,NA,NA,"","","http://gd2.mlb.com/components/game/mlb/year_2019/month_04/day_07/gid_2019_04_07_minmlb_phimlb_1/inning/inning_all.xml","bottom",1,"Y",8,NA,NA,NA,"1-0","gid_2019_04_07_minmlb_phimlb_1","B","44","6ca1b8fa-f5d3-47c6-9b20-7f951266e8d4",621244,547180,4,2,2,"172011","2019-04-07T17:20:11.000Z","L","6' 3","R","Bryce Harper walks.","Bryce Harper walks.","Walk","0","1","bottom",1,"Y",NA,NA,"Bryce Harper","Jose Berrios",NA,"gid_2019_04_07_minmlb_phimlb_1","2019-04-07","2019-04-07T17:22:26.000Z","42","Walk","5ee5c197-b79e-4e65-9a2e-b9721fed742b",NA,"2019"
"21","Ball","Ball",44,"B","235648","2019-04-16T23:56:48.000Z",85.38,"2019-04-16T23:56:48.000Z","190416_235653",80.4,75.4,3.56,1.78,2.5,-3.76,0.83,1.17,-1.95,50,6.2,5.71,-117.12,-3.61,3.51,19.88,"-37.46","24.0","6.0",10.8,"CU",NA,NA,NA,NA,NA,"","","http://gd2.mlb.com/components/game/mlb/year_2019/month_04/day_16/gid_2019_04_16_tormlb_minmlb_1/inning/inning_all.xml","top",2,"Y",7,NA,NA,NA,"2-0","gid_2019_04_16_tormlb_minmlb_1","B","44","65738793-37f1-4015-9a75-4d6910da060c",502043,475253,3,2,1,"235551","2019-04-16T23:55:51.000Z","L","6' 4","R","Justin Smoak flies out sharply to center fielder Byron Buxton.","Justin Smoak flies out sharply to center fielder Byron Buxton.","Flyout","0","0","top",2,"Y",NA,NA,"Justin Smoak","Kyle Gibson",NA,"gid_2019_04_16_tormlb_minmlb_1","2019-04-16","2019-04-16T23:58:09.000Z","41","Flyout","1f5e29a8-5299-46cc-9dbd-055b05bdb56e",NA,"2019"
"22","Ball","Ball",48,"B","182935","2019-03-30T18:29:35.000Z",85.21,"2019-03-30T18:29:35.000Z","190330_182941",79.4,74.4,3.49,1.63,5.33,-1.99,0.83,1.5,-0.84,50,6.17,2.25,-115.64,-3.11,7.31,19,"-34.9","24.0","12.0",10.8,"FC",NA,NA,NA,NA,NA,"","","http://gd2.mlb.com/components/game/mlb/year_2019/month_03/day_30/gid_2019_03_30_clemlb_minmlb_1/inning/inning_all.xml","top",2,"Y",8,NA,NA,NA,"1-1","gid_2019_03_30_clemlb_minmlb_1","B","48","02f11ee7-98bd-48fa-a5bd-bf259744c70b",543606,434670,4,2,1,"182850","2019-03-30T18:28:50.000Z","R","6' 2","R","Hanley Ramirez walks.","Hanley Ramirez walks.","Walk","0","0","top",2,"Y",NA,NA,"Hanley Ramirez","Jake Odorizzi",NA,"gid_2019_03_30_clemlb_minmlb_1","2019-03-30","2019-03-30T18:31:59.000Z","45","Walk","446157b7-2434-41a8-859d-571f2eb5f0f0",NA,"2019"
"23","Ball","Ball",50,"B","235221","2019-04-05T23:52:21.000Z",92.55,"2019-04-05T23:52:21.000Z","190405_232211",82.2,76.5,3.68,1.71,3.8,1.12,1.42,0.74,-0.58,50,6.01,3.58,-119.43,-6.01,5.53,21.42,"-30.54","24.0","10.8",8.4,"FC",NA,NA,NA,NA,NA,"","","http://gd2.mlb.com/components/game/mlb/year_2019/month_04/day_05/gid_2019_04_05_minmlb_phimlb_1/inning/inning_all.xml","bottom",1,"Y",8,NA,NA,NA,"2-1","gid_2019_04_05_minmlb_phimlb_1","B","50","e33ea5ff-2142-44e9-9aa5-ea3ebf759fd8",543606,656555,3,1,1,"235209","2019-04-05T23:52:09.000Z","R","6' 4","R","Rhys Hoskins singles on a line drive to left fielder Eddie Rosario.   Jean Segura scores.","Rhys Hoskins singles on a line drive to left fielder Eddie Rosario.   Jean Segura scores.","Single","2","0","bottom",1,"Y",NA,NA,"Rhys Hoskins","Jake Odorizzi",NA,"gid_2019_04_05_minmlb_phimlb_1","2019-04-05","2019-04-05T23:52:27.000Z","46","Single","caf830f1-7032-4c33-b760-0c57fefe3ef1",NA,"2019"
"24","Ball","Ball",50,"B","235827","2019-04-16T23:58:27.000Z",86.37,"2019-04-16T23:58:27.000Z","190416_235832",80,74.3,3.47,1.66,3.24,-5.92,0.8,1.24,-1.81,50,6.26,5.05,-116.41,-2.78,4.44,22.04,"-40.29","24.0","7.2",12,"CU",NA,NA,NA,NA,NA,"","","http://gd2.mlb.com/components/game/mlb/year_2019/month_04/day_16/gid_2019_04_16_tormlb_minmlb_1/inning/inning_all.xml","top",2,"Y",8,NA,NA,NA,"0-0","gid_2019_04_16_tormlb_minmlb_1","B","50","219e90f9-b16a-45b1-bd1c-39343a532ac6",502043,606192,4,2,1,"235814","2019-04-16T23:58:14.000Z","R","6' 2","R","Teoscar Hernandez walks.","Teoscar Hernandez walks.","Walk","0","0","top",2,"Y",NA,NA,"Teoscar Hernandez","Kyle Gibson",NA,"gid_2019_04_16_tormlb_minmlb_1","2019-04-16","2019-04-17T00:00:19.000Z","49","Walk","382c6176-8c63-42de-8037-445dde567577",NA,"2019"
"25","Ball","Ball",52,"B","183146","2019-04-28T18:31:46.000Z",91.77,"2019-04-28T18:31:46.000Z","190428_183151",87.2,81.3,3.55,1.67,-7.08,1.73,0.66,0.74,-1.91,50,6.04,8.8,-126.81,-7.5,-11.66,22.99,"-29.33","24.0","18.0",8.4,"CH",NA,NA,NA,NA,NA,"","","http://gd2.mlb.com/components/game/mlb/year_2019/month_04/day_28/gid_2019_04_28_balmlb_minmlb_1/inning/inning_all.xml","top",2,"Y",9,NA,NA,NA,"2-1","gid_2019_04_28_balmlb_minmlb_1","B","52","6a438548-68bd-4e7c-96be-336a30fe93d7",502043,547004,3,1,1,"183017","2019-04-28T18:30:17.000Z","L","6' 1","R","Rio Ruiz grounds out, third baseman Marwin Gonzalez to first baseman C.  J. Cron.","Rio Ruiz grounds out, third baseman Marwin Gonzalez to first baseman C.  J. Cron.","Groundout","1","0","top",2,"Y",NA,NA,"Rio Ruiz","Kyle Gibson",NA,"gid_2019_04_28_balmlb_minmlb_1","2019-04-28","2019-04-28T18:32:20.000Z","48","Groundout","deb18aeb-cf8d-4648-9f91-11493f16734d",NA,"2019"
"26","Ball","Ball",53,"B","235923","2019-04-16T23:59:23.000Z",43.98,"2019-04-16T23:59:23.000Z","190416_235928",94.8,86.9,3.48,1.67,-8.71,7.38,1.92,2.22,-1.41,50,6.33,12.11,-137.51,-7.84,-16.71,29.97,"-18.01","24.0","36.0",4.8,"FT",NA,NA,NA,NA,NA,"","","http://gd2.mlb.com/components/game/mlb/year_2019/month_04/day_16/gid_2019_04_16_tormlb_minmlb_1/inning/inning_all.xml","top",2,"Y",8,NA,NA,NA,"2-1","gid_2019_04_16_tormlb_minmlb_1","B","53","616d093f-9fd0-4c41-95d6-194d82997d1b",502043,606192,4,2,1,"235814","2019-04-16T23:58:14.000Z","R","6' 2","R","Teoscar Hernandez walks.","Teoscar Hernandez walks.","Walk","0","0","top",2,"Y",NA,NA,"Teoscar Hernandez","Kyle Gibson",NA,"gid_2019_04_16_tormlb_minmlb_1","2019-04-16","2019-04-17T00:00:19.000Z","49","Walk","382c6176-8c63-42de-8037-445dde567577",NA,"2019"
"27","Ball","Ball",54,"B","002718","2019-04-23T00:27:18.000Z",166.31,"2019-04-23T00:27:18.000Z","190423_002723",75.2,69.2,3.4,1.53,4.8,-8.88,-1.29,1.7,-0.93,50,6.52,-2.11,-109.15,-0.37,5.74,20.7,"-42.8","24.0","7.2",14.4,"CU",NA,NA,NA,NA,NA,"","","http://gd2.mlb.com/components/game/mlb/year_2019/month_04/day_22/gid_2019_04_22_minmlb_houmlb_1/inning/inning_all.xml","bottom",1,"Y",8,NA,NA,NA,"1-2","gid_2019_04_22_minmlb_houmlb_1","B","54","c677cfa9-e507-4942-b4e6-b8289ab7b50c",543606,543807,2,2,1,"002606","2019-04-23T00:26:06.000Z","R","6' 3","R","George Springer lines out to center fielder Byron Buxton.","George Springer lines out to center fielder Byron Buxton.","Lineout","0","2","bottom",1,"Y",NA,NA,"George Springer","Jake Odorizzi",NA,"gid_2019_04_22_minmlb_houmlb_1","2019-04-22","2019-04-23T00:27:53.000Z","50","Lineout","2a0f1f53-b76b-4297-a4c9-9bdb8cf744d9",NA,"2019"
"28","Ball","Ball",55,"B","235230","2019-04-05T23:52:30.000Z",96.93,"2019-04-05T23:52:30.000Z","190405_232337",83.6,77.5,3.62,1.69,4.08,4.56,1.24,2.05,-0.62,50,6.07,3.2,-121.68,-4.44,6.17,22.13,"-25.28","24.0","14.4",7.2,"FC",NA,NA,NA,NA,NA,"","","http://gd2.mlb.com/components/game/mlb/year_2019/month_04/day_05/gid_2019_04_05_minmlb_phimlb_1/inning/inning_all.xml","bottom",1,"Y",9,NA,NA,NA,"0-0","gid_2019_04_05_minmlb_phimlb_1","B","55","505a7739-f7ce-41a8-a457-c92fe91182f9",543606,592663,4,2,1,"235228","2019-04-05T23:52:28.000Z","R","6' 1","R","J.T. Realmuto walks.   Rhys Hoskins to 2nd.","J.T. Realmuto walks.   Rhys Hoskins to 2nd.","Walk","2","0","bottom",1,"Y",NA,NA,"Jacob Realmuto","Jake Odorizzi",NA,"gid_2019_04_05_minmlb_phimlb_1","2019-04-05","2019-04-05T23:52:41.000Z","54","Walk","2c962861-2a28-4641-89ff-1c21f36eeaa0",NA,"2019"
"29","Ball","Ball",56,"B","235232","2019-04-05T23:52:32.000Z",117.97,"2019-04-05T23:52:32.000Z","190405_232357",91.1,82.7,3.67,1.69,-4.11,11.74,0.6,0.93,-0.78,50,5.7,4.98,-132,-10.14,-7.2,30.21,"-11.63","24.0","24.0",3.6,"FF",NA,NA,NA,NA,NA,"","","http://gd2.mlb.com/components/game/mlb/year_2019/month_04/day_05/gid_2019_04_05_minmlb_phimlb_1/inning/inning_all.xml","bottom",1,"Y",9,NA,NA,NA,"1-0","gid_2019_04_05_minmlb_phimlb_1","B","56","5369d9a7-0c21-4f61-af7e-eda76462d4fe",543606,592663,4,2,1,"235228","2019-04-05T23:52:28.000Z","R","6' 1","R","J.T. Realmuto walks.   Rhys Hoskins to 2nd.","J.T. Realmuto walks.   Rhys Hoskins to 2nd.","Walk","2","0","bottom",1,"Y",NA,NA,"Jacob Realmuto","Jake Odorizzi",NA,"gid_2019_04_05_minmlb_phimlb_1","2019-04-05","2019-04-05T23:52:41.000Z","54","Walk","2c962861-2a28-4641-89ff-1c21f36eeaa0",NA,"2019"
"30","Ball","Ball",57,"B","203814","2019-03-28T20:38:14.000Z",64.35,"2019-03-28T20:38:14.000Z","190328_203819",81.3,75,3.21,1.65,9.15,-1.31,1.38,1.57,-3.09,50,5.41,7.65,-118.03,-1.61,12.85,23.42,"-34.01","24.0","22.8",10.8,"CU",NA,NA,NA,NA,NA,"","","http://gd2.mlb.com/components/game/mlb/year_2019/month_03/day_28/gid_2019_03_28_clemlb_minmlb_1/inning/inning_all.xml","top",3,"Y",13,NA,NA,NA,"1-0","gid_2019_03_28_clemlb_minmlb_1","B","57","244431ec-88ab-4a29-b80f-2a1d88be24e0",621244,547379,2,0,1,"203733","2019-03-28T20:37:33.000Z","R","5' 11","R","Roberto Perez flies out to left fielder Eddie Rosario.","Roberto Perez flies out to left fielder Eddie Rosario.","Flyout","0","0","top",3,"Y",NA,NA,"Roberto Perez","Jose Berrios",NA,"gid_2019_03_28_clemlb_minmlb_1","2019-03-28","2019-03-28T20:38:39.000Z","55","Flyout","0474ee57-79da-4f49-ad85-61c9db741d04",NA,"2019"
"31","Ball","Ball",61,"B","183351","2019-04-28T18:33:51.000Z",57.92,"2019-04-28T18:33:51.000Z","190428_183356",94.3,86.8,3.67,1.7,-3.52,9.05,1.55,2.34,-1.38,50,6.26,9.17,-137.02,-7.89,-6.72,28.73,"-14.87","24.0","16.8",3.6,"FF",NA,NA,NA,NA,NA,"","","http://gd2.mlb.com/components/game/mlb/year_2019/month_04/day_28/gid_2019_04_28_balmlb_minmlb_1/inning/inning_all.xml","top",2,"Y",11,NA,NA,NA,"1-0","gid_2019_04_28_balmlb_minmlb_1","B","61","35bdc506-a33a-44b6-b786-17e48c074cd8",502043,448801,3,2,2,"183333","2019-04-28T18:33:33.000Z","L","6' 3","R","Chris Davis hit by pitch.","Chris Davis hit by pitch.","Hit By Pitch","1","0","top",2,"Y",NA,NA,"Chris Davis","Kyle Gibson",NA,"gid_2019_04_28_balmlb_minmlb_1","2019-04-28","2019-04-28T18:35:23.000Z","59","Hit By Pitch","923a66a1-11bf-4300-993e-39e0e55ad38d",NA,"2019"
"32","Ball","Ball",62,"B","203922","2019-03-28T20:39:22.000Z",62.57,"2019-03-28T20:39:22.000Z","190328_203927",94.1,86.3,3.36,1.7,-7.66,10.76,1.43,2.94,-2.79,50,5.4,14.08,-136.4,-4.45,-14.54,28.03,"-11.77","24.0","43.2",3.6,"FF",NA,NA,NA,NA,NA,"","","http://gd2.mlb.com/components/game/mlb/year_2019/month_03/day_28/gid_2019_03_28_clemlb_minmlb_1/inning/inning_all.xml","top",3,"Y",14,NA,NA,NA,"1-0","gid_2019_03_28_clemlb_minmlb_1","B","62","f047ae51-7268-4110-bbd2-7b47a9375c0a",621244,543543,3,3,2,"203848","2019-03-28T20:38:48.000Z","L","6' 2","R","Brad Miller called out on strikes.","Brad Miller called out on strikes.","Strikeout","0","0","top",3,"Y",NA,NA,"Brad Miller","Jose Berrios",NA,"gid_2019_03_28_clemlb_minmlb_1","2019-03-28","2019-03-28T20:40:49.000Z","60","Strikeout","5aa910d2-e4e1-4313-b962-f2793dcdcccb",NA,"2019"
"33","Ball","Ball",64,"B","183604","2019-03-30T18:36:04.000Z",120.26,"2019-03-30T18:36:04.000Z","190330_183609",91.7,83.2,3.26,1.52,-4.66,9.86,-0.09,3.85,-0.85,50,6.03,3.59,-133.24,-2.95,-8.32,30.31,"-14.56","24.0","26.4",3.6,"FF",NA,NA,NA,NA,NA,"","","http://gd2.mlb.com/components/game/mlb/year_2019/month_03/day_30/gid_2019_03_30_clemlb_minmlb_1/inning/inning_all.xml","top",2,"Y",10,NA,NA,NA,"1-2","gid_2019_03_30_clemlb_minmlb_1","B","64","0abd642f-addb-4977-a1e5-d8746c8e5bed",543606,547379,3,3,3,"183420","2019-03-30T18:34:20.000Z","R","5' 11","R","Roberto Perez strikes out swinging.","Roberto Perez strikes out swinging.","Strikeout","0","0","top",2,"Y",NA,NA,"Roberto Perez","Jake Odorizzi",NA,"gid_2019_03_30_clemlb_minmlb_1","2019-03-30","2019-03-30T18:37:50.000Z","60","Strikeout","d31649e3-7009-4fce-9448-c2eac3aa4d97",NA,"2019"
"34","Ball","Ball",65,"B","183325","2019-04-27T18:33:25.000Z",158.96,"2019-04-27T18:33:25.000Z","190427_183330",79.8,73.3,3.05,1.36,10.86,-2.45,-1.1,1.66,-3.5,50,5.45,2.26,-116.13,-0.9,14.7,23.54,"-35.49","24.0","22.8",12,"CU",NA,NA,NA,NA,NA,"","","http://gd2.mlb.com/components/game/mlb/year_2019/month_04/day_27/gid_2019_04_27_balmlb_minmlb_1/inning/inning_all.xml","top",2,"Y",9,NA,NA,NA,"1-1","gid_2019_04_27_balmlb_minmlb_1","B","65","19c25fc9-cb28-4798-a4c0-9d6a0c10994a",621244,572073,2,3,2,"183238","2019-04-27T18:32:38.000Z","R","6' 1","R","Joey Rickard strikes out swinging.","Joey Rickard strikes out swinging.","Strikeout","0","0","top",2,"Y",NA,NA,"Joey Rickard","Jose Berrios",NA,"gid_2019_04_27_balmlb_minmlb_1","2019-04-27","2019-04-27T18:34:09.000Z","62","Strikeout","4e202b79-d1de-405f-88fe-e49ba1b600f2",NA,"2019"
"35","Ball","Ball",65,"B","233533","2019-04-10T23:35:33.000Z",127.93,"2019-04-10T23:35:33.000Z","190410_233538",92,82.5,3.08,1.52,-3.67,12.93,-0.29,3.59,-1.28,50,6.03,3.84,-133.55,-4.62,-6.52,33.47,"-9.23","24.0","28.8",2.4,"FF",NA,NA,NA,NA,NA,"","","http://gd2.mlb.com/components/game/mlb/year_2019/month_04/day_10/gid_2019_04_10_minmlb_nynmlb_1/inning/inning_all.xml","bottom",2,"Y",10,NA,NA,NA,"1-0","gid_2019_04_10_minmlb_nynmlb_1","B","65","506d93cd-5ca8-47bb-80d6-1d8f6f23b7ad",543606,624424,2,2,1,"233430","2019-04-10T23:34:30.000Z","L","6' 1","R","Michael Conforto flies out to center fielder Byron Buxton.","Michael Conforto flies out to center fielder Byron Buxton.","Flyout","0","0","bottom",2,"Y",NA,NA,"Michael Conforto","Jake Odorizzi",NA,"gid_2019_04_10_minmlb_nynmlb_1","2019-04-10","2019-04-10T23:36:51.000Z","63","Flyout","25756c91-42f7-4e7c-ae5b-7df02e730f72",NA,"2019"
"36","Ball","Ball",67,"B","235255","2019-04-05T23:52:55.000Z",106.57,"2019-04-05T23:52:55.000Z","190405_232848",91,82.4,3.31,1.55,-6.12,12.77,0.33,1.41,-0.89,50,5.75,5.21,-131.9,-9.36,-10.68,30.52,"-9.89","24.0","38.4",3.6,"FF",NA,NA,NA,NA,NA,"","","http://gd2.mlb.com/components/game/mlb/year_2019/month_04/day_05/gid_2019_04_05_minmlb_phimlb_1/inning/inning_all.xml","bottom",1,"Y",10,NA,NA,NA,"1-1","gid_2019_04_05_minmlb_phimlb_1","B","67","2ad18810-c22d-43c4-8394-c2627b0c0f2c",543606,546318,2,2,2,"235247","2019-04-05T23:52:47.000Z","L","5' 11","R","Odubel Herrera lines out to right fielder Jake Cave.","Odubel Herrera lines out to right fielder Jake Cave.","Lineout","2","0","bottom",1,"Y",NA,NA,"Odubel Herrera","Jake Odorizzi",NA,"gid_2019_04_05_minmlb_phimlb_1","2019-04-05","2019-04-05T23:53:09.000Z","64","Lineout","b23d44e0-7ba4-427d-8159-7cbae9441a57",NA,"2019"
"37","Ball","Ball",76,"B","000917","2019-04-30T00:09:17.000Z",134.22,"2019-04-30T00:09:17.000Z","190430_000922",84.9,78.8,3.04,1.47,-6.22,0.5,-0.45,0.91,-0.78,50,5.94,2.79,-123.51,-5.87,-9.67,23.32,"-31.4","24.0","15.6",8.4,"FS",NA,NA,NA,NA,NA,"","","http://gd2.mlb.com/components/game/mlb/year_2019/month_04/day_29/gid_2019_04_29_houmlb_minmlb_1/inning/inning_all.xml","top",2,"Y",11,NA,NA,NA,"1-1","gid_2019_04_29_houmlb_minmlb_1","B","76","b157fd92-fffb-4df2-a714-4cd68e4ae417",543606,455139,2,3,2,"000718","2019-04-30T00:07:18.000Z","R","6' 1","R","Robinson Chirinos strikes out swinging.","Robinson Chirinos strikes out swinging.","Strikeout","0","0","top",2,"Y",NA,NA,"Robinson Chirinos","Jake Odorizzi",NA,"gid_2019_04_29_houmlb_minmlb_1","2019-04-29","2019-04-30T00:11:05.000Z","71","Strikeout","394c3908-b577-4810-9b33-05b8842faa0c",NA,"2019"
"38","Ball","Ball",77,"B","235331","2019-04-05T23:53:31.000Z",120.6,"2019-04-05T23:53:31.000Z","190405_233502",90.5,82.5,3.25,1.56,-6.7,12.35,0.85,1.79,-0.86,50,5.71,6.67,-131.45,-8.09,-11.68,28.82,"-10.65","24.0","39.6",3.6,"FF",NA,NA,NA,NA,NA,"","","http://gd2.mlb.com/components/game/mlb/year_2019/month_04/day_05/gid_2019_04_05_minmlb_phimlb_1/inning/inning_all.xml","bottom",1,"Y",11,NA,NA,NA,"1-1","gid_2019_04_05_minmlb_phimlb_1","B","77","09fd10eb-7942-43ee-adea-faa9b1337cc5",543606,514917,4,1,2,"235315","2019-04-05T23:53:15.000Z","L","5' 10","R","Cesar Hernandez walks.   Rhys Hoskins to 3rd.    J.T. Realmuto to 2nd.","Cesar Hernandez walks.   Rhys Hoskins to 3rd.    J.T. Realmuto to 2nd.","Walk","2","0","bottom",1,"Y",NA,NA,"Cesar Hernandez","Jake Odorizzi",NA,"gid_2019_04_05_minmlb_phimlb_1","2019-04-05","2019-04-05T23:53:36.000Z","74","Walk","63e1bcfe-c4fe-4c8a-a787-78f58fcc2b87",NA,"2019"
"39","Ball","Ball",78,"B","235333","2019-04-05T23:53:33.000Z",120.16,"2019-04-05T23:53:33.000Z","190405_233556",91.5,82.5,3.25,1.52,-6.15,12.62,0.01,0.41,-0.96,50,5.55,4.6,-132.44,-11.41,-10.75,32.23,"-10.09","24.0","37.2",3.6,"FF",NA,NA,NA,NA,NA,"","","http://gd2.mlb.com/components/game/mlb/year_2019/month_04/day_05/gid_2019_04_05_minmlb_phimlb_1/inning/inning_all.xml","bottom",1,"Y",11,NA,NA,NA,"2-1","gid_2019_04_05_minmlb_phimlb_1","B","78","1e7b88d4-acfe-49d3-baa0-4e311ddcd7eb",543606,514917,4,1,2,"235315","2019-04-05T23:53:15.000Z","L","5' 10","R","Cesar Hernandez walks.   Rhys Hoskins to 3rd.    J.T. Realmuto to 2nd.","Cesar Hernandez walks.   Rhys Hoskins to 3rd.    J.T. Realmuto to 2nd.","Walk","2","0","bottom",1,"Y",NA,NA,"Cesar Hernandez","Jake Odorizzi",NA,"gid_2019_04_05_minmlb_phimlb_1","2019-04-05","2019-04-05T23:53:36.000Z","74","Walk","63e1bcfe-c4fe-4c8a-a787-78f58fcc2b87",NA,"2019"
"40","Ball","Ball",79,"B","235334","2019-04-05T23:53:34.000Z",122.35,"2019-04-05T23:53:34.000Z","190405_233638",91.1,81.6,3.22,1.57,-7.99,11.17,0.76,3.2,-0.74,50,5.88,6.58,-132.17,-4.46,-13.84,33.41,"-12.8","24.0","40.8",4.8,"FF",NA,NA,NA,NA,NA,"","","http://gd2.mlb.com/components/game/mlb/year_2019/month_04/day_05/gid_2019_04_05_minmlb_phimlb_1/inning/inning_all.xml","bottom",1,"Y",11,NA,NA,NA,"3-1","gid_2019_04_05_minmlb_phimlb_1","B","79","63e1bcfe-c4fe-4c8a-a787-78f58fcc2b87",543606,514917,4,1,2,"235315","2019-04-05T23:53:15.000Z","L","5' 10","R","Cesar Hernandez walks.   Rhys Hoskins to 3rd.    J.T. Realmuto to 2nd.","Cesar Hernandez walks.   Rhys Hoskins to 3rd.    J.T. Realmuto to 2nd.","Walk","2","0","bottom",1,"Y",NA,NA,"Cesar Hernandez","Jake Odorizzi",NA,"gid_2019_04_05_minmlb_phimlb_1","2019-04-05","2019-04-05T23:53:36.000Z","74","Walk","63e1bcfe-c4fe-4c8a-a787-78f58fcc2b87",NA,"2019"
"41","Ball","Ball",84,"B","174502","2019-04-03T17:45:02.000Z",77.19,"2019-04-03T17:45:02.000Z","190403_174507",93.5,86.1,3.21,1.4,-3.33,9.19,1.04,2.1,-1.44,50,6.34,7.85,-135.81,-8.63,-6.26,27.93,"-14.91","24.0","15.6",3.6,"FF",NA,NA,NA,NA,NA,"","","http://gd2.mlb.com/components/game/mlb/year_2019/month_04/day_03/gid_2019_04_03_minmlb_kcamlb_1/inning/inning_all.xml","bottom",2,"Y",16,NA,NA,NA,"1-0","gid_2019_04_03_minmlb_kcamlb_1","B","84","0862d667-5543-44f5-902a-e0b9a325e872",502043,455117,2,2,3,"174433","2019-04-03T17:44:33.000Z","R","6' 0","R","Martin Maldonado grounds out, shortstop Jorge Polanco to first baseman Tyler Austin.","Martin Maldonado grounds out, shortstop Jorge Polanco to first baseman Tyler Austin.","Groundout","1","1","bottom",2,"Y",NA,NA,"Martin Maldonado","Kyle Gibson",NA,"gid_2019_04_03_minmlb_kcamlb_1","2019-04-03","2019-04-03T17:46:22.000Z","82","Groundout","c7255962-812d-4e94-b2be-9b6c0059365a",NA,"2019"
"42","Ball","Ball",88,"B","000913","2019-04-10T00:09:13.000Z",68.33,"2019-04-10T00:09:13.000Z","190410_000919",93.1,84.8,3.14,1.48,-4.88,9.97,1.28,3.43,-1.45,50,6.6,8.96,-135.22,-5.87,-9,30.71,"-13.8","24.0","25.2",3.6,"FF",NA,NA,NA,NA,NA,"","","http://gd2.mlb.com/components/game/mlb/year_2019/month_04/day_09/gid_2019_04_09_minmlb_nynmlb_1/inning/inning_all.xml","bottom",2,"Y",13,NA,NA,NA,"1-1","gid_2019_04_09_minmlb_nynmlb_1","B","88","0bf013b8-5b71-427f-a925-4e9eafa6c8d2",502043,624424,3,2,0,"000756","2019-04-10T00:07:56.000Z","L","6' 1","R","Michael Conforto doubles (4) on a ground ball to right fielder Max Kepler.","Michael Conforto doubles (4) on a ground ball to right fielder Max Kepler.","Double","0","1","bottom",2,"Y",NA,NA,"Michael Conforto","Kyle Gibson",NA,"gid_2019_04_09_minmlb_nynmlb_1","2019-04-09","2019-04-10T00:11:35.000Z","85","Double","3c0ecd4d-d414-44a3-9ec6-b6a1e10deb82",NA,"2019"
"43","Ball","Ball",94,"B","205118","2019-03-28T20:51:18.000Z",70.6,"2019-03-28T20:51:18.000Z","190328_205123",92.5,84.8,3.36,1.7,-7.27,9.78,1.22,3.06,-2.82,50,5.45,13.21,-134.17,-3.65,-13.31,27.76,"-14.26","24.0","34.8",3.6,"FF",NA,NA,NA,NA,NA,"","","http://gd2.mlb.com/components/game/mlb/year_2019/month_03/day_28/gid_2019_03_28_clemlb_minmlb_1/inning/inning_all.xml","top",4,"Y",20,NA,NA,NA,"1-0","gid_2019_03_28_clemlb_minmlb_1","B","94","abb28f9e-1cf0-4e32-b0e4-9b25e42db336",621244,608070,2,0,1,"205036","2019-03-28T20:50:36.000Z","L","5' 9","R","Jose Ramirez pops out to shortstop Jorge Polanco.","Jose Ramirez pops out to shortstop Jorge Polanco.","Pop Out","0","0","top",4,"Y",NA,NA,"Jose Ramirez","Jose Berrios",NA,"gid_2019_03_28_clemlb_minmlb_1","2019-03-28","2019-03-28T20:51:53.000Z","92","Pop Out","aaaf6355-7199-47eb-8c8c-fb308eec5f14",NA,"2019"
"44","Ball","Ball",101,"B","185059","2019-03-30T18:50:59.000Z",122.83,"2019-03-30T18:50:59.000Z","190330_185104",73.4,68.5,3.31,1.6,6.59,-6.52,-0.15,0.72,-1.01,50,6.15,0.01,-106.8,-2.03,7.62,18.26,"-39.71","24.0","10.8",14.4,"CU",NA,NA,NA,NA,NA,"","","http://gd2.mlb.com/components/game/mlb/year_2019/month_03/day_30/gid_2019_03_30_clemlb_minmlb_1/inning/inning_all.xml","top",3,"Y",16,NA,NA,NA,"0-0","gid_2019_03_30_clemlb_minmlb_1","B","101","bc5bd718-0b77-4b01-8f6f-79a247f8d2fa",543606,547982,4,2,2,"185051","2019-03-30T18:50:51.000Z","L","6' 2","R","Leonys Martin walks.","Leonys Martin walks.","Walk","0","0","top",3,"Y",NA,NA,"Leonys Martin","Jake Odorizzi",NA,"gid_2019_03_30_clemlb_minmlb_1","2019-03-30","2019-03-30T18:53:05.000Z","100","Walk","34e74c05-0de2-4169-b9ce-dad6f3b825bc",NA,"2019"
"45","Ball","Ball",101,"B","234829","2019-04-10T23:48:29.000Z",107.15,"2019-04-10T23:48:29.000Z","190410_234834",92,82.8,3.3,1.67,-7.06,11.14,0.26,3.41,-1.06,50,6.05,5.85,-133.52,-4.58,-12.55,32.66,"-12.36","24.0","39.6",3.6,"FF",NA,NA,NA,NA,NA,"","","http://gd2.mlb.com/components/game/mlb/year_2019/month_04/day_10/gid_2019_04_10_minmlb_nynmlb_1/inning/inning_all.xml","bottom",3,"Y",18,NA,NA,NA,"0-0","gid_2019_04_10_minmlb_nynmlb_1","B","101","55f2969d-a8a9-4165-8184-9b03338737de",543606,642708,4,0,0,"234815","2019-04-10T23:48:15.000Z","R","6' 2","R","Amed Rosario walks.","Amed Rosario walks.","Walk","0","1","bottom",3,"Y",NA,NA,"Amed Rosario","Jake Odorizzi",NA,"gid_2019_04_10_minmlb_nynmlb_1","2019-04-10","2019-04-10T23:49:29.000Z","100","Walk","a1af556c-20c5-433e-8c7e-e6e7387364e7",NA,"2019"
"46","Ball","Ball",102,"B","174143","2019-04-21T17:41:43.000Z",79.09,"2019-04-21T17:41:43.000Z","190421_174148",81.5,76.7,2.98,1.45,2.48,-3.76,0.99,0.28,-1.88,50,6.25,6,-118.66,-6.07,3.57,20.31,"-37.6","24.0","6.0",10.8,"CU",NA,NA,NA,NA,NA,"","","http://gd2.mlb.com/components/game/mlb/year_2019/month_04/day_21/gid_2019_04_21_minmlb_balmlb_1/inning/inning_all.xml","bottom",2,"Y",17,NA,NA,NA,"1-2","gid_2019_04_21_minmlb_balmlb_1","B","102","8293cb75-710b-4b03-be86-f01dad09ab93",502043,572073,2,3,2,"174037","2019-04-21T17:40:37.000Z","R","6' 1","R","Joey Rickard strikes out swinging.","Joey Rickard strikes out swinging.","Strikeout","0","2","bottom",2,"Y",NA,NA,"Joey Rickard","Kyle Gibson",NA,"gid_2019_04_21_minmlb_balmlb_1","2019-04-21","2019-04-21T17:42:09.000Z","98","Strikeout","d3c94106-e6f5-40f4-a6b2-6d9e74ee62af",NA,"2019"
"47","Ball","Ball",102,"B","185126","2019-03-30T18:51:26.000Z",100.61,"2019-03-30T18:51:26.000Z","190330_185130",91.9,85,3.15,1.59,-3.35,8.27,0.43,3.87,-0.99,50,6,4.94,-133.84,-2.46,-6.16,25.2,"-16.97","24.0","16.8",3.6,"FF",NA,NA,NA,NA,NA,"","","http://gd2.mlb.com/components/game/mlb/year_2019/month_03/day_30/gid_2019_03_30_clemlb_minmlb_1/inning/inning_all.xml","top",3,"Y",16,NA,NA,NA,"1-0","gid_2019_03_30_clemlb_minmlb_1","B","102","42eddebb-4d67-4358-a343-cfb791bc9b9d",543606,547982,4,2,2,"185051","2019-03-30T18:50:51.000Z","L","6' 2","R","Leonys Martin walks.","Leonys Martin walks.","Walk","0","0","top",3,"Y",NA,NA,"Leonys Martin","Jake Odorizzi",NA,"gid_2019_03_30_clemlb_minmlb_1","2019-03-30","2019-03-30T18:53:05.000Z","100","Walk","34e74c05-0de2-4169-b9ce-dad6f3b825bc",NA,"2019"
"48","Ball","Ball",102,"B","234849","2019-04-10T23:48:49.000Z",126.46,"2019-04-10T23:48:49.000Z","190410_234854",91.7,81.8,3.46,1.64,-3.79,11.27,-0.25,3.57,-1.18,50,6.03,3.7,-133.11,-4.02,-6.63,35.06,"-12.45","24.0","22.8",3.6,"FF",NA,NA,NA,NA,NA,"","","http://gd2.mlb.com/components/game/mlb/year_2019/month_04/day_10/gid_2019_04_10_minmlb_nynmlb_1/inning/inning_all.xml","bottom",3,"Y",18,NA,NA,NA,"1-0","gid_2019_04_10_minmlb_nynmlb_1","B","102","8a9766cc-bf43-4ece-bc7a-f41f597675df",543606,642708,4,0,0,"234815","2019-04-10T23:48:15.000Z","R","6' 2","R","Amed Rosario walks.","Amed Rosario walks.","Walk","0","1","bottom",3,"Y",NA,NA,"Amed Rosario","Jake Odorizzi",NA,"gid_2019_04_10_minmlb_nynmlb_1","2019-04-10","2019-04-10T23:49:29.000Z","100","Walk","a1af556c-20c5-433e-8c7e-e6e7387364e7",NA,"2019"
"49","Ball","Ball",103,"B","204450","2019-04-20T20:44:50.000Z",72.82,"2019-04-20T20:44:50.000Z","190420_204455",83,76.8,3.42,1.6,9.52,-2.11,1.16,1.08,-3.15,50,5.47,7.32,-120.58,-3.04,13.99,23.97,"-35.27","24.0","22.8",10.8,"CU",NA,NA,NA,NA,NA,"","","http://gd2.mlb.com/components/game/mlb/year_2019/month_04/day_20/gid_2019_04_20_minmlb_balmlb_1/inning/inning_all.xml","bottom",2,"Y",15,NA,NA,NA,"3-2","gid_2019_04_20_minmlb_balmlb_1","B","103","3db1a7d9-190c-44c4-8247-f5b4f281aaa6",621244,547004,4,2,0,"204222","2019-04-20T20:42:22.000Z","L","6' 1","R","Rio Ruiz walks.","Rio Ruiz walks.","Walk","0","2","bottom",2,"Y",NA,NA,"Rio Ruiz","Jose Berrios",NA,"gid_2019_04_20_minmlb_balmlb_1","2019-04-20","2019-04-20T20:44:54.000Z","96","Walk","3db1a7d9-190c-44c4-8247-f5b4f281aaa6",NA,"2019"
"50","Ball","Ball",103,"B","234906","2019-04-10T23:49:06.000Z",140.98,"2019-04-10T23:49:06.000Z","190410_234912",91.8,82.6,3.5,1.77,-8,10.96,-0.63,3.55,-1.18,50,5.99,4.15,-133.32,-3.94,-14.19,32.56,"-12.74","24.0","44.4",4.8,"FF",NA,NA,NA,NA,NA,"","","http://gd2.mlb.com/components/game/mlb/year_2019/month_04/day_10/gid_2019_04_10_minmlb_nynmlb_1/inning/inning_all.xml","bottom",3,"Y",18,NA,NA,NA,"2-0","gid_2019_04_10_minmlb_nynmlb_1","B","103","4a63b9e1-b58a-4e01-9385-815269361bab",543606,642708,4,0,0,"234815","2019-04-10T23:48:15.000Z","R","6' 2","R","Amed Rosario walks.","Amed Rosario walks.","Walk","0","1","bottom",3,"Y",NA,NA,"Amed Rosario","Jake Odorizzi",NA,"gid_2019_04_10_minmlb_nynmlb_1","2019-04-10","2019-04-10T23:49:29.000Z","100","Walk","a1af556c-20c5-433e-8c7e-e6e7387364e7",NA,"2019"
"51","Ball","Ball",104,"B","234924","2019-04-10T23:49:24.000Z",143.47,"2019-04-10T23:49:24.000Z","190410_234930",91,81.4,3.44,1.61,-8.63,11.31,-0.69,3,-1.2,50,5.97,4.2,-132.06,-5.22,-14.91,33.84,"-12.63","24.0","44.4",4.8,"FF",NA,NA,NA,NA,NA,"","","http://gd2.mlb.com/components/game/mlb/year_2019/month_04/day_10/gid_2019_04_10_minmlb_nynmlb_1/inning/inning_all.xml","bottom",3,"Y",18,NA,NA,NA,"3-0","gid_2019_04_10_minmlb_nynmlb_1","B","104","a1af556c-20c5-433e-8c7e-e6e7387364e7",543606,642708,4,0,0,"234815","2019-04-10T23:48:15.000Z","R","6' 2","R","Amed Rosario walks.","Amed Rosario walks.","Walk","0","1","bottom",3,"Y",NA,NA,"Amed Rosario","Jake Odorizzi",NA,"gid_2019_04_10_minmlb_nynmlb_1","2019-04-10","2019-04-10T23:49:29.000Z","100","Walk","a1af556c-20c5-433e-8c7e-e6e7387364e7",NA,"2019"
"52","Ball","Ball",105,"B","205501","2019-03-28T20:55:01.000Z",166.79,"2019-03-28T20:55:01.000Z","190328_205506",83.8,77.3,3.32,1.69,-9.62,3.12,-1.31,1.22,-3.08,50,5.09,7.3,-121.9,-3.63,-14.53,23.08,"-27.46","24.0","25.2",8.4,"CH",NA,NA,NA,NA,NA,"","","http://gd2.mlb.com/components/game/mlb/year_2019/month_03/day_28/gid_2019_03_28_clemlb_minmlb_1/inning/inning_all.xml","top",4,"Y",22,NA,NA,NA,"1-1","gid_2019_03_28_clemlb_minmlb_1","B","105","635237aa-9231-4c14-941f-e1d594161f88",621244,467793,4,2,2,"205352","2019-03-28T20:53:52.000Z","L","5' 11","R","Carlos Santana walks.","Carlos Santana walks.","Walk","0","0","top",4,"Y",NA,NA,"Carlos Santana","Jose Berrios",NA,"gid_2019_03_28_clemlb_minmlb_1","2019-03-28","2019-03-28T20:56:41.000Z","102","Walk","a16b87af-133e-453a-bade-3ddbd3e5c378",NA,"2019"
"53","Ball","Ball",106,"B","185300","2019-03-30T18:53:00.000Z",176.2,"2019-03-30T18:53:00.000Z","190330_185305",92.1,83.6,3.27,1.59,-8.85,9.59,-1.55,2.21,-1.11,50,5.76,1.85,-133.86,-6.52,-15.91,31.26,"-14.93","24.0","43.2",4.8,"FF",NA,NA,NA,NA,NA,"","","http://gd2.mlb.com/components/game/mlb/year_2019/month_03/day_30/gid_2019_03_30_clemlb_minmlb_1/inning/inning_all.xml","top",3,"Y",16,NA,NA,NA,"3-2","gid_2019_03_30_clemlb_minmlb_1","B","106","34e74c05-0de2-4169-b9ce-dad6f3b825bc",543606,547982,4,2,2,"185051","2019-03-30T18:50:51.000Z","L","6' 2","R","Leonys Martin walks.","Leonys Martin walks.","Walk","0","0","top",3,"Y",NA,NA,"Leonys Martin","Jake Odorizzi",NA,"gid_2019_03_30_clemlb_minmlb_1","2019-03-30","2019-03-30T18:53:05.000Z","100","Walk","34e74c05-0de2-4169-b9ce-dad6f3b825bc",NA,"2019"
"54","Ball","Ball",106,"B","204532","2019-04-20T20:45:32.000Z",169.48,"2019-04-20T20:45:32.000Z","190420_204536",90.2,83.1,3.08,1.43,-8.38,5,-1.38,3.36,-3.05,50,5.6,7.2,-131.27,-1.33,-14.73,25.66,"-23.37","24.0","30.0",6,"FT",NA,NA,NA,NA,NA,"","","http://gd2.mlb.com/components/game/mlb/year_2019/month_04/day_20/gid_2019_04_20_minmlb_balmlb_1/inning/inning_all.xml","bottom",2,"Y",16,NA,NA,NA,"0-0","gid_2019_04_20_minmlb_balmlb_1","B","106","90d138e3-69c0-40d1-b4c7-9aa0105269ec",621244,593643,4,1,0,"204515","2019-04-20T20:45:15.000Z","R","5' 11","R","Hanser Alberto walks.   Rio Ruiz to 2nd.","Hanser Alberto walks.   Rio Ruiz to 2nd.","Walk","0","2","bottom",2,"Y",NA,NA,"Hanser Alberto","Jose Berrios",NA,"gid_2019_04_20_minmlb_balmlb_1","2019-04-20","2019-04-20T20:47:17.000Z","105","Walk","4c3665b4-09c7-4c9c-a7e2-0da90ce2b38a",NA,"2019"
"55","Ball","Ball",106,"B","205533","2019-03-28T20:55:33.000Z",76.93,"2019-03-28T20:55:33.000Z","190328_205537",94.3,86.3,3.36,1.7,-7.79,9.44,1.05,1.93,-2.7,50,5.3,12.88,-136.8,-6.48,-14.77,29.87,"-14.27","24.0","37.2",4.8,"FF",NA,NA,NA,NA,NA,"","","http://gd2.mlb.com/components/game/mlb/year_2019/month_03/day_28/gid_2019_03_28_clemlb_minmlb_1/inning/inning_all.xml","top",4,"Y",22,NA,NA,NA,"2-1","gid_2019_03_28_clemlb_minmlb_1","B","106","584b93e5-5e4a-43d2-bca6-12a0e3b4207a",621244,467793,4,2,2,"205352","2019-03-28T20:53:52.000Z","L","5' 11","R","Carlos Santana walks.","Carlos Santana walks.","Walk","0","0","top",4,"Y",NA,NA,"Carlos Santana","Jose Berrios",NA,"gid_2019_03_28_clemlb_minmlb_1","2019-03-28","2019-03-28T20:56:41.000Z","102","Walk","a16b87af-133e-453a-bade-3ddbd3e5c378",NA,"2019"
"56","Ball","Ball",107,"B","204554","2019-04-20T20:45:54.000Z",162.76,"2019-04-20T20:45:54.000Z","190420_204558",89.9,82.8,3.58,1.63,-8.38,5.86,-1.2,3.03,-3.08,50,5.49,7.68,-130.79,-2.15,-14.63,25.51,"-21.94","24.0","30.0",6,"FT",NA,NA,NA,NA,NA,"","","http://gd2.mlb.com/components/game/mlb/year_2019/month_04/day_20/gid_2019_04_20_minmlb_balmlb_1/inning/inning_all.xml","bottom",2,"Y",16,NA,NA,NA,"1-0","gid_2019_04_20_minmlb_balmlb_1","B","107","72df23b4-64c2-4c21-9d26-cbf0e244d079",621244,593643,4,1,0,"204515","2019-04-20T20:45:15.000Z","R","5' 11","R","Hanser Alberto walks.   Rio Ruiz to 2nd.","Hanser Alberto walks.   Rio Ruiz to 2nd.","Walk","0","2","bottom",2,"Y",NA,NA,"Hanser Alberto","Jose Berrios",NA,"gid_2019_04_20_minmlb_balmlb_1","2019-04-20","2019-04-20T20:47:17.000Z","105","Walk","4c3665b4-09c7-4c9c-a7e2-0da90ce2b38a",NA,"2019"
"57","Ball","Ball",108,"B","204619","2019-04-20T20:46:19.000Z",177.56,"2019-04-20T20:46:19.000Z","190420_204624",91.2,83.2,3.44,1.68,-10.16,6.25,-1.59,2.6,-3.02,50,5.47,7.18,-132.54,-3.46,-18.04,28.93,"-21.09","24.0","37.2",6,"FT",NA,NA,NA,NA,NA,"","","http://gd2.mlb.com/components/game/mlb/year_2019/month_04/day_20/gid_2019_04_20_minmlb_balmlb_1/inning/inning_all.xml","bottom",2,"Y",16,NA,NA,NA,"2-0","gid_2019_04_20_minmlb_balmlb_1","B","108","1111ce9a-e3ee-4733-a695-b6e8f245ee91",621244,593643,4,1,0,"204515","2019-04-20T20:45:15.000Z","R","5' 11","R","Hanser Alberto walks.   Rio Ruiz to 2nd.","Hanser Alberto walks.   Rio Ruiz to 2nd.","Walk","0","2","bottom",2,"Y",NA,NA,"Hanser Alberto","Jose Berrios",NA,"gid_2019_04_20_minmlb_balmlb_1","2019-04-20","2019-04-20T20:47:17.000Z","105","Walk","4c3665b4-09c7-4c9c-a7e2-0da90ce2b38a",NA,"2019"
"58","Ball","Ball",110,"B","174402","2019-04-21T17:44:02.000Z",67.72,"2019-04-21T17:44:02.000Z","190421_174407",93.7,85.6,3.55,1.6,-4.71,11.02,1.29,2.13,-1.41,50,6.41,8.88,-136,-9.33,-8.81,30.38,"-11.57","24.0","26.4",3.6,"FF",NA,NA,NA,NA,NA,"","","http://gd2.mlb.com/components/game/mlb/year_2019/month_04/day_21/gid_2019_04_21_minmlb_balmlb_1/inning/inning_all.xml","bottom",2,"Y",18,NA,NA,NA,"2-2","gid_2019_04_21_minmlb_balmlb_1","B","110","6e51e436-a72b-4d9c-806b-ec8689924453",502043,448801,3,2,3,"174228","2019-04-21T17:42:28.000Z","L","6' 3","R","Chris Davis grounds out to first baseman C.  J. Cron.","Chris Davis grounds out to first baseman C.  J. Cron.","Groundout","0","2","bottom",2,"Y",NA,NA,"Chris Davis","Kyle Gibson",NA,"gid_2019_04_21_minmlb_balmlb_1","2019-04-21","2019-04-21T17:44:33.000Z","105","Groundout","6748a5f0-a5c2-4bdf-86dd-ce18c3112233",NA,"2019"
"59","Ball","Ball",110,"B","184951","2019-04-14T18:49:51.000Z",140.54,"2019-04-14T18:49:51.000Z","190414_184956",84,77.3,3.6,1.72,-10.9,2.6,-0.62,0.89,-3.01,50,5.18,9.19,-122,-4.46,-16.46,23.68,"-28.25","24.0","27.6",8.4,"CH",NA,NA,NA,NA,NA,"","","http://gd2.mlb.com/components/game/mlb/year_2019/month_04/day_14/gid_2019_04_14_detmlb_minmlb_1/inning/inning_all.xml","top",2,"Y",15,NA,NA,NA,"1-1","gid_2019_04_14_detmlb_minmlb_1","B","110","4816bf4e-53ec-4a4b-bf62-e1cd1b24ccbd",621244,592444,3,2,2,"184921","2019-04-14T18:49:21.000Z","R","6' 2","R","JaCoby Jones grounds out, third baseman Marwin Gonzalez to first baseman C.  J. Cron.","JaCoby Jones grounds out, third baseman Marwin Gonzalez to first baseman C.  J. Cron.","Groundout","2","2","top",2,"Y",NA,NA,"JaCoby Jones","Jose Berrios",NA,"gid_2019_04_14_detmlb_minmlb_1","2019-04-14","2019-04-14T18:51:12.000Z","107","Groundout","57d09f6b-d8fa-4f32-b848-86a5373ca1d7",NA,"2019"
"60","Ball","Ball",112,"B","005006","2019-04-23T00:50:06.000Z",119.29,"2019-04-23T00:50:06.000Z","190423_005011",75,69.2,3.27,1.67,4.89,-7.74,-0.06,3.46,-0.89,50,6.65,0.41,-108.99,2.78,5.89,19.1,"-41.48","24.0","8.4",14.4,"CU",NA,NA,NA,NA,NA,"","","http://gd2.mlb.com/components/game/mlb/year_2019/month_04/day_22/gid_2019_04_22_minmlb_houmlb_1/inning/inning_all.xml","bottom",2,"Y",18,NA,NA,NA,"1-0","gid_2019_04_22_minmlb_houmlb_1","B","112","d02bac69-4210-47bd-ab9a-2fc696c875d0",543606,493329,2,1,2,"004938","2019-04-23T00:49:38.000Z","R","6' 0","R","Yuli Gurriel lines out to center fielder Byron Buxton.","Yuli Gurriel lines out to center fielder Byron Buxton.","Lineout","0","3","bottom",2,"Y",NA,NA,"Yulieski Gurriel","Jake Odorizzi",NA,"gid_2019_04_22_minmlb_houmlb_1","2019-04-22","2019-04-23T00:50:58.000Z","110","Lineout","6e223701-241a-4e74-a0bf-639e658e7846",NA,"2019"
"61","Ball","Ball",122,"B","005300","2019-04-23T00:53:00.000Z",135.53,"2019-04-23T00:53:00.000Z","190423_005305",92.7,84.7,2.98,1.5,-6.67,10.59,-0.49,3.01,-0.86,50,6.08,3.31,-134.79,-5.79,-12.28,29.3,"-12.69","24.0","39.6",3.6,"FF",NA,NA,NA,NA,NA,"","","http://gd2.mlb.com/components/game/mlb/year_2019/month_04/day_22/gid_2019_04_22_minmlb_houmlb_1/inning/inning_all.xml","bottom",2,"Y",20,NA,NA,NA,"1-1","gid_2019_04_22_minmlb_houmlb_1","B","122","c1b93faf-3366-4306-8ece-87c9c564483d",543606,643603,3,2,2,"005153","2019-04-23T00:51:53.000Z","R","5' 11","R","Tyler White singles on a ground ball to right fielder Max Kepler.   Josh Reddick to 3rd.","Tyler White singles on a ground ball to right fielder Max Kepler.   Josh Reddick to 3rd.","Single","0","3","bottom",2,"Y",NA,NA,"Tyler White","Jake Odorizzi",NA,"gid_2019_04_22_minmlb_houmlb_1","2019-04-22","2019-04-23T00:55:12.000Z","119","Single","139615af-ba54-418a-8ff3-b57a7972daee",NA,"2019"
"62","Ball","Ball",127,"B","180242","2019-04-03T18:02:42.000Z",70.32,"2019-04-03T18:02:42.000Z","190403_180247",82.9,77.7,3.14,1.58,-7.49,2.6,1.22,0.13,-2,50,6.01,10.04,-120.27,-8.14,-11.15,19.61,"-28.3","24.0","18.0",8.4,"CH",NA,NA,NA,NA,NA,"","","http://gd2.mlb.com/components/game/mlb/year_2019/month_04/day_03/gid_2019_04_03_minmlb_kcamlb_1/inning/inning_all.xml","bottom",3,"Y",22,NA,NA,NA,"1-0","gid_2019_04_03_minmlb_kcamlb_1","B","127","7f3a0403-e932-4ff1-b5da-8260ad43891f",502043,571740,2,0,1,"180216","2019-04-03T18:02:16.000Z","L","6' 0","R","Billy Hamilton lines out to center fielder Max Kepler.","Billy Hamilton lines out to center fielder Max Kepler.","Lineout","1","1","bottom",3,"Y",NA,NA,"Billy Hamilton","Kyle Gibson",NA,"gid_2019_04_03_minmlb_kcamlb_1","2019-04-03","2019-04-03T18:03:11.000Z","125","Lineout","0f19f238-40cb-4147-a120-e5ac9aa5d745",NA,"2019"
"63","Ball","Ball",131,"B","002716","2019-04-10T00:27:16.000Z",92.26,"2019-04-10T00:27:16.000Z","190410_002721",86.4,78.9,3.61,1.81,-9.27,4.23,0.65,0.86,-1.89,50,6.24,9.22,-125.28,-8.07,-14.61,27.25,"-25.5","24.0","25.2",7.2,"CH",NA,NA,NA,NA,NA,"","","http://gd2.mlb.com/components/game/mlb/year_2019/month_04/day_09/gid_2019_04_09_minmlb_nynmlb_1/inning/inning_all.xml","bottom",2,"Y",18,NA,NA,NA,"1-1","gid_2019_04_09_minmlb_nynmlb_1","B","131","1dbb66ac-d7a8-4b97-8654-890fc257966d",502043,594798,3,1,3,"002547","2019-04-10T00:25:47.000Z","L","6' 4","R","Jacob deGrom grounds out softly to first baseman Willians Astudillo.","Jacob deGrom grounds out softly to first baseman Willians Astudillo.","Groundout","1","1","bottom",2,"Y",NA,NA,"Jacob deGrom","Kyle Gibson",NA,"gid_2019_04_09_minmlb_nynmlb_1","2019-04-09","2019-04-10T00:28:21.000Z","128","Groundout","17ce07a4-416f-4c6d-ac5f-dc8d22c09b8e",NA,"2019"
"64","Ball","Ball",132,"B","002744","2019-04-10T00:27:44.000Z",88,"2019-04-10T00:27:44.000Z","190410_002749",94.1,86.3,3.69,1.89,-5.41,9.88,0.76,1.28,-1.48,50,6.37,7.94,-136.55,-11.23,-10.21,30.02,"-13.52","24.0","28.8",3.6,"FF",NA,NA,NA,NA,NA,"","","http://gd2.mlb.com/components/game/mlb/year_2019/month_04/day_09/gid_2019_04_09_minmlb_nynmlb_1/inning/inning_all.xml","bottom",2,"Y",18,NA,NA,NA,"2-1","gid_2019_04_09_minmlb_nynmlb_1","B","132","53a0b6f1-d4ff-46ad-8b5d-5af59f058931",502043,594798,3,1,3,"002547","2019-04-10T00:25:47.000Z","L","6' 4","R","Jacob deGrom grounds out softly to first baseman Willians Astudillo.","Jacob deGrom grounds out softly to first baseman Willians Astudillo.","Groundout","1","1","bottom",2,"Y",NA,NA,"Jacob deGrom","Kyle Gibson",NA,"gid_2019_04_09_minmlb_nynmlb_1","2019-04-09","2019-04-10T00:28:21.000Z","128","Groundout","17ce07a4-416f-4c6d-ac5f-dc8d22c09b8e",NA,"2019"
"65","Ball","Ball",134,"B","180437","2019-04-03T18:04:37.000Z",108.2,"2019-04-03T18:04:37.000Z","190403_180443",86.1,80.3,3.36,1.58,-10.18,3.39,0.23,-0.43,-1.88,50,5.95,8.52,-124.97,-10.4,-16.27,22.74,"-26.76","24.0","27.6",8.4,"CH",NA,NA,NA,NA,NA,"","","http://gd2.mlb.com/components/game/mlb/year_2019/month_04/day_03/gid_2019_04_03_minmlb_kcamlb_1/inning/inning_all.xml","bottom",3,"Y",23,NA,NA,NA,"1-2","gid_2019_04_03_minmlb_kcamlb_1","B","134","507b9df0-9e9f-4ac3-bfdb-e6ca2c752e0f",502043,593160,3,2,2,"180328","2019-04-03T18:03:28.000Z","R","6' 0","R","Whit Merrifield flies out to right fielder Jake Cave.","Whit Merrifield flies out to right fielder Jake Cave.","Flyout","1","1","bottom",3,"Y",NA,NA,"Whit Merrifield","Kyle Gibson",NA,"gid_2019_04_03_minmlb_kcamlb_1","2019-04-03","2019-04-03T18:06:28.000Z","130","Flyout","10e47d79-8db2-46de-9546-ebd64834c6fd",NA,"2019"
"66","Ball","Ball",135,"B","012332","2019-04-18T01:23:32.000Z",144.43,"2019-04-18T01:23:32.000Z","190418_012337",90.9,82.8,3.11,1.53,-3.77,8.57,-0.72,3.65,-1.13,50,5.95,2.36,-132.27,-2.73,-6.65,29.18,"-17.05","24.0","19.2",4.8,"FF",NA,NA,NA,NA,NA,"","","http://gd2.mlb.com/components/game/mlb/year_2019/month_04/day_17/gid_2019_04_17_tormlb_minmlb_1/inning/inning_all.xml","top",3,"Y",20,NA,NA,NA,"0-0","gid_2019_04_17_tormlb_minmlb_1","B","135","6b70de90-ebaa-4e38-a1b4-89ea9a17c49b",543606,519299,4,2,0,"012322","2019-04-18T01:23:22.000Z","L","5' 10","R","Eric Sogard walks.","Eric Sogard walks.","Walk","2","1","top",3,"Y",NA,NA,"Eric Sogard","Jake Odorizzi",NA,"gid_2019_04_17_tormlb_minmlb_1","2019-04-17","2019-04-18T01:25:20.000Z","134","Walk","4f79e1dc-fca8-46f3-b19f-da4dd39ec1e9",NA,"2019"
"67","Ball","Ball",137,"B","175601","2019-04-07T17:56:01.000Z",183.75,"2019-04-07T17:56:01.000Z","190407_175606",90.1,81.9,3.43,1.6,-11.13,6.54,-1.75,2.13,-3.24,50,5.21,7.56,-131.07,-3.89,-19.21,29.71,"-20.88","24.0","38.4",6,"FT",NA,NA,NA,NA,NA,"","","http://gd2.mlb.com/components/game/mlb/year_2019/month_04/day_07/gid_2019_04_07_minmlb_phimlb_1/inning/inning_all.xml","bottom",3,"Y",22,NA,NA,NA,"1-2","gid_2019_04_07_minmlb_phimlb_1","B","137","6dca1e19-e4e1-49f5-b273-fa93c7066087",621244,457705,2,3,2,"175508","2019-04-07T17:55:08.000Z","R","5' 11","R","Andrew McCutchen strikes out swinging.","Andrew McCutchen strikes out swinging.","Strikeout","0","1","bottom",3,"Y",NA,NA,"Andrew McCutchen","Jose Berrios",NA,"gid_2019_04_07_minmlb_phimlb_1","2019-04-07","2019-04-07T17:56:22.000Z","133","Strikeout","5f5d5c47-1ca8-4d8c-930e-c3d5c198604d",NA,"2019"
"68","Ball","Ball",139,"B","012455","2019-04-18T01:24:55.000Z",164.26,"2019-04-18T01:24:55.000Z","190418_012459",92,83.8,2.99,1.46,-7.75,9.02,-1.24,3.34,-1.18,50,5.89,2.48,-133.86,-3.71,-13.99,30.15,"-15.88","24.0","38.4",4.8,"FF",NA,NA,NA,NA,NA,"","","http://gd2.mlb.com/components/game/mlb/year_2019/month_04/day_17/gid_2019_04_17_tormlb_minmlb_1/inning/inning_all.xml","top",3,"Y",20,NA,NA,NA,"2-2","gid_2019_04_17_tormlb_minmlb_1","B","139","31a9bb10-34f0-4eae-af41-4f6003d8eb84",543606,519299,4,2,0,"012322","2019-04-18T01:23:22.000Z","L","5' 10","R","Eric Sogard walks.","Eric Sogard walks.","Walk","2","1","top",3,"Y",NA,NA,"Eric Sogard","Jake Odorizzi",NA,"gid_2019_04_17_tormlb_minmlb_1","2019-04-17","2019-04-18T01:25:20.000Z","134","Walk","4f79e1dc-fca8-46f3-b19f-da4dd39ec1e9",NA,"2019"
"69","Ball","Ball",140,"B","012515","2019-04-18T01:25:15.000Z",157.71,"2019-04-18T01:25:15.000Z","190418_012520",91.1,82.7,2.92,1.44,-7.37,10.07,-1.07,2.6,-1.26,50,5.81,2.99,-132.37,-5.6,-12.99,30.15,"-14.43","24.0","38.4",4.8,"FF",NA,NA,NA,NA,NA,"","","http://gd2.mlb.com/components/game/mlb/year_2019/month_04/day_17/gid_2019_04_17_tormlb_minmlb_1/inning/inning_all.xml","top",3,"Y",20,NA,NA,NA,"3-2","gid_2019_04_17_tormlb_minmlb_1","B","140","4f79e1dc-fca8-46f3-b19f-da4dd39ec1e9",543606,519299,4,2,0,"012322","2019-04-18T01:23:22.000Z","L","5' 10","R","Eric Sogard walks.","Eric Sogard walks.","Walk","2","1","top",3,"Y",NA,NA,"Eric Sogard","Jake Odorizzi",NA,"gid_2019_04_17_tormlb_minmlb_1","2019-04-17","2019-04-18T01:25:20.000Z","134","Walk","4f79e1dc-fca8-46f3-b19f-da4dd39ec1e9",NA,"2019"
"70","Ball","Ball",141,"B","175655","2019-04-07T17:56:55.000Z",185.81,"2019-04-07T17:56:55.000Z","190407_175700",89.6,81.3,3.11,1.5,-10.17,6.89,-1.81,2.86,-3.07,50,5.29,6.62,-130.21,-2.24,-17.32,29.41,"-20.44","24.0","37.2",6,"FT",NA,NA,NA,NA,NA,"","","http://gd2.mlb.com/components/game/mlb/year_2019/month_04/day_07/gid_2019_04_07_minmlb_phimlb_1/inning/inning_all.xml","bottom",3,"Y",23,NA,NA,NA,"0-0","gid_2019_04_07_minmlb_phimlb_1","B","141","58525355-665e-4fe8-9973-f88183182c54",621244,516416,4,2,2,"175646","2019-04-07T17:56:46.000Z","R","5' 10","R","Jean Segura walks.","Jean Segura walks.","Walk","0","1","bottom",3,"Y",NA,NA,"Jean Segura","Jose Berrios",NA,"gid_2019_04_07_minmlb_phimlb_1","2019-04-07","2019-04-07T17:59:02.000Z","140","Walk","969e168d-f2a1-426a-935f-d423abd4c0a3",NA,"2019"
"71","Ball","Ball",142,"B","175707","2019-04-07T17:57:07.000Z",73.89,"2019-04-07T17:57:07.000Z","190407_175713",79.6,73.3,3.27,1.58,7.8,-0.17,1.13,1.78,-3.24,50,5.27,7.65,-115.67,-0.84,10.51,22.64,"-32.4","24.0","20.4",10.8,"CU",NA,NA,NA,NA,NA,"","","http://gd2.mlb.com/components/game/mlb/year_2019/month_04/day_07/gid_2019_04_07_minmlb_phimlb_1/inning/inning_all.xml","bottom",3,"Y",23,NA,NA,NA,"1-0","gid_2019_04_07_minmlb_phimlb_1","B","142","0ac1a222-480c-47b7-b827-058d6bb50f23",621244,516416,4,2,2,"175646","2019-04-07T17:56:46.000Z","R","5' 10","R","Jean Segura walks.","Jean Segura walks.","Walk","0","1","bottom",3,"Y",NA,NA,"Jean Segura","Jose Berrios",NA,"gid_2019_04_07_minmlb_phimlb_1","2019-04-07","2019-04-07T17:59:02.000Z","140","Walk","969e168d-f2a1-426a-935f-d423abd4c0a3",NA,"2019"
"72","Ball","Ball",148,"B","175651","2019-04-21T17:56:51.000Z",97.5,"2019-04-21T17:56:51.000Z","190421_175656",84,78,3.11,1.56,1.75,-0.42,0.51,1.35,-1.98,50,6.2,5.48,-122.2,-4.95,2.67,22.91,"-32.82","24.0","6.0",9.6,"SL",NA,NA,NA,NA,NA,"","","http://gd2.mlb.com/components/game/mlb/year_2019/month_04/day_21/gid_2019_04_21_minmlb_balmlb_1/inning/inning_all.xml","bottom",3,"Y",25,NA,NA,NA,"1-0","gid_2019_04_21_minmlb_balmlb_1","B","148","28e59033-237f-4ca7-8b97-14b75096dbe1",502043,491696,2,0,0,"175631","2019-04-21T17:56:31.000Z","R","6' 0","R","Jesus Sucre singles on a ground ball to left fielder Eddie Rosario.","Jesus Sucre singles on a ground ball to left fielder Eddie Rosario.","Single","0","3","bottom",3,"Y",NA,NA,"Jesus Sucre","Kyle Gibson",NA,"gid_2019_04_21_minmlb_balmlb_1","2019-04-21","2019-04-21T17:57:19.000Z","146","Single","837bb05f-b3e0-45b4-9376-5ddc32d3b0c6",NA,"2019"
"73","Ball","Ball",149,"B","003639","2019-04-17T00:36:39.000Z",161.58,"2019-04-17T00:36:39.000Z","190417_003644",91.7,84.6,3.34,1.61,-9.02,4.84,-1.17,3.51,-1.97,50,6.13,5.23,-133.68,-2.55,-16.44,26.82,"-23.34","24.0","32.4",6,"FT",NA,NA,NA,NA,NA,"","","http://gd2.mlb.com/components/game/mlb/year_2019/month_04/day_16/gid_2019_04_16_tormlb_minmlb_1/inning/inning_all.xml","top",4,"Y",23,NA,NA,NA,"1-1","gid_2019_04_16_tormlb_minmlb_1","B","149","af8a31a7-354c-468a-9081-78618a378744",502043,520471,2,1,1,"003529","2019-04-17T00:35:29.000Z","L","5' 10","R","Freddy Galvis grounds out, second baseman Ehire Adrianza to first baseman Willians Astudillo.","Freddy Galvis grounds out, second baseman Ehire Adrianza to first baseman Willians Astudillo.","Groundout","1","0","top",4,"Y",NA,NA,"Freddy Galvis","Kyle Gibson",NA,"gid_2019_04_16_tormlb_minmlb_1","2019-04-16","2019-04-17T00:37:17.000Z","146","Groundout","02c92461-419a-414e-b40b-738200daa0db",NA,"2019"
"74","Ball","Ball",150,"B","190939","2019-03-30T19:09:39.000Z",69.16,"2019-03-30T19:09:39.000Z","190330_190943",82.3,75.9,3.39,1.59,3.69,2.34,1.26,2.43,-0.74,50,6.14,3.59,-119.77,-2.71,5.38,22.74,"-28.76","24.0","12.0",8.4,"FC",NA,NA,NA,NA,NA,"","","http://gd2.mlb.com/components/game/mlb/year_2019/month_03/day_30/gid_2019_03_30_clemlb_minmlb_1/inning/inning_all.xml","top",4,"Y",23,NA,NA,NA,"1-0","gid_2019_03_30_clemlb_minmlb_1","B","150","9a33d299-df41-44e0-b963-37230c094ca3",543606,434670,3,0,2,"190920","2019-03-30T19:09:20.000Z","R","6' 2","R","Hanley Ramirez homers (1) on a fly ball to left field.","Hanley Ramirez homers (1) on a fly ball to left field.","Home Run","0","1","top",4,"Y",NA,NA,"Hanley Ramirez","Jake Odorizzi",NA,"gid_2019_03_30_clemlb_minmlb_1","2019-03-30","2019-03-30T19:10:46.000Z","148","Home Run","3cd7a8cf-f97a-4d94-9448-bad6141292fb",NA,"2019"
"75","Ball","Ball",151,"B","004128","2019-04-30T00:41:28.000Z",97.24,"2019-04-30T00:41:28.000Z","190430_004133",90.9,83.5,3.52,1.71,-3.04,7.49,0.52,3.92,-0.92,50,6.07,4.8,-132.4,-2.03,-5.43,27.11,"-18.83","24.0","13.2",4.8,"FF",NA,NA,NA,NA,NA,"","","http://gd2.mlb.com/components/game/mlb/year_2019/month_04/day_29/gid_2019_04_29_houmlb_minmlb_1/inning/inning_all.xml","top",4,"Y",24,NA,NA,NA,"1-0","gid_2019_04_29_houmlb_minmlb_1","B","151","eb92c87d-64f5-4523-a18b-8be731ceeaed",543606,621043,2,0,1,"004050","2019-04-30T00:40:50.000Z","R","6' 4","R","Carlos Correa flies out to right fielder Max Kepler.","Carlos Correa flies out to right fielder Max Kepler.","Flyout","1","0","top",4,"Y",NA,NA,"Carlos Correa","Jake Odorizzi",NA,"gid_2019_04_29_houmlb_minmlb_1","2019-04-29","2019-04-30T00:42:02.000Z","149","Flyout","597b17c8-908f-4ce4-95c1-d995ebe3ecc7",NA,"2019"
"76","Ball","Ball",151,"B","190959","2019-03-30T19:09:59.000Z",92.28,"2019-03-30T19:09:59.000Z","190330_191003",91.7,84.7,3.47,1.61,-5.68,10.26,0.65,1.38,-0.84,50,5.77,5.89,-133.19,-9.04,-10.31,25.85,"-13.55","24.0","31.2",3.6,"FF",NA,NA,NA,NA,NA,"","","http://gd2.mlb.com/components/game/mlb/year_2019/month_03/day_30/gid_2019_03_30_clemlb_minmlb_1/inning/inning_all.xml","top",4,"Y",23,NA,NA,NA,"2-0","gid_2019_03_30_clemlb_minmlb_1","B","151","fa2217bd-e87e-4e7c-990e-0621e5171e35",543606,434670,3,0,2,"190920","2019-03-30T19:09:20.000Z","R","6' 2","R","Hanley Ramirez homers (1) on a fly ball to left field.","Hanley Ramirez homers (1) on a fly ball to left field.","Home Run","0","1","top",4,"Y",NA,NA,"Hanley Ramirez","Jake Odorizzi",NA,"gid_2019_03_30_clemlb_minmlb_1","2019-03-30","2019-03-30T19:10:46.000Z","148","Home Run","3cd7a8cf-f97a-4d94-9448-bad6141292fb",NA,"2019"
"77","Ball","Ball",154,"B","010626","2019-04-23T01:06:26.000Z",79.53,"2019-04-23T01:06:26.000Z","190423_010630",82.2,75.7,3.7,1.77,3.86,-0.9,0.98,1.08,-0.89,50,6.08,3.23,-119.49,-4.66,5.56,23.94,"-33.46","24.0","9.6",9.6,"FC",NA,NA,NA,NA,NA,"","","http://gd2.mlb.com/components/game/mlb/year_2019/month_04/day_22/gid_2019_04_22_minmlb_houmlb_1/inning/inning_all.xml","bottom",3,"Y",25,NA,NA,NA,"1-0","gid_2019_04_22_minmlb_houmlb_1","B","154","25d65650-d12f-43fd-9c72-349c69d3626f",543606,543807,3,1,1,"010602","2019-04-23T01:06:02.000Z","R","6' 3","R","George Springer grounds out sharply, second baseman Jonathan Schoop to first baseman C.  J. Cron.","George Springer grounds out sharply, second baseman Jonathan Schoop to first baseman C.  J. Cron.","Groundout","0","3","bottom",3,"Y",NA,NA,"George Springer","Jake Odorizzi",NA,"gid_2019_04_22_minmlb_houmlb_1","2019-04-22","2019-04-23T01:07:53.000Z","152","Groundout","257492fc-584e-4b92-ad9c-e8b33f3f2596",NA,"2019"
"78","Ball","Ball",155,"B","010644","2019-04-23T01:06:44.000Z",170.12,"2019-04-23T01:06:44.000Z","190423_010650",92.8,85,3.74,1.71,-7.91,7.75,-1.39,2.43,-1.15,50,5.93,2.1,-134.89,-5.96,-14.58,29.05,"-17.88","24.0","36.0",4.8,"FF",NA,NA,NA,NA,NA,"","","http://gd2.mlb.com/components/game/mlb/year_2019/month_04/day_22/gid_2019_04_22_minmlb_houmlb_1/inning/inning_all.xml","bottom",3,"Y",25,NA,NA,NA,"2-0","gid_2019_04_22_minmlb_houmlb_1","B","155","9050ede0-8ab6-4082-8685-31d7d32cd85f",543606,543807,3,1,1,"010602","2019-04-23T01:06:02.000Z","R","6' 3","R","George Springer grounds out sharply, second baseman Jonathan Schoop to first baseman C.  J. Cron.","George Springer grounds out sharply, second baseman Jonathan Schoop to first baseman C.  J. Cron.","Groundout","0","3","bottom",3,"Y",NA,NA,"George Springer","Jake Odorizzi",NA,"gid_2019_04_22_minmlb_houmlb_1","2019-04-22","2019-04-23T01:07:53.000Z","152","Groundout","257492fc-584e-4b92-ad9c-e8b33f3f2596",NA,"2019"
"79","Ball","Ball",156,"B","003827","2019-04-17T00:38:27.000Z",101.87,"2019-04-17T00:38:27.000Z","190417_003832",94.6,86.9,3.27,1.48,-8.3,9.12,0.4,1.02,-1.46,50,6.1,7.97,-137.39,-11.07,-15.9,29.81,"-14.7","24.0","39.6",4.8,"FT",NA,NA,NA,NA,NA,"","","http://gd2.mlb.com/components/game/mlb/year_2019/month_04/day_16/gid_2019_04_16_tormlb_minmlb_1/inning/inning_all.xml","top",4,"Y",24,NA,NA,NA,"2-1","gid_2019_04_16_tormlb_minmlb_1","B","156","016a8dff-0ccc-4145-82a1-5d24f4c5768b",502043,545341,3,1,2,"003724","2019-04-17T00:37:24.000Z","R","6' 2","R","Randal Grichuk grounds out, second baseman Ehire Adrianza to first baseman Willians Astudillo.","Randal Grichuk grounds out, second baseman Ehire Adrianza to first baseman Willians Astudillo.","Groundout","1","0","top",4,"Y",NA,NA,"Randal Grichuk","Kyle Gibson",NA,"gid_2019_04_16_tormlb_minmlb_1","2019-04-16","2019-04-17T00:39:04.000Z","152","Groundout","1a055128-cf48-4c13-a3fe-b53db82c3bc9",NA,"2019"
"80","Ball","Ball",157,"B","191133","2019-03-30T19:11:33.000Z",165.71,"2019-03-30T19:11:33.000Z","190330_191138",91.5,81.9,3.4,1.6,-8.62,12.93,-1.28,3.38,-1.15,50,5.82,2.58,-132.88,-4.51,-15.08,34.06,"-9.55","24.0","54.0",3.6,"FF",NA,NA,NA,NA,NA,"","","http://gd2.mlb.com/components/game/mlb/year_2019/month_03/day_30/gid_2019_03_30_clemlb_minmlb_1/inning/inning_all.xml","top",4,"Y",24,NA,NA,NA,"1-0","gid_2019_03_30_clemlb_minmlb_1","B","157","a8556c1e-3b41-4b6c-9c47-72d23131a363",543606,641343,3,3,3,"191108","2019-03-30T19:11:08.000Z","L","6' 1","R","Jake Bauers strikes out on a foul tip.","Jake Bauers strikes out on a foul tip.","Strikeout","0","1","top",4,"Y",NA,NA,"Jake Bauers","Jake Odorizzi",NA,"gid_2019_03_30_clemlb_minmlb_1","2019-03-30","2019-03-30T19:13:15.000Z","155","Strikeout","0073148b-59f7-463b-a7ed-b50b56f29f47",NA,"2019"
"81","Ball","Ball",162,"B","004008","2019-04-17T00:40:08.000Z",73.47,"2019-04-17T00:40:08.000Z","190417_004012",95.5,87.6,3.64,1.8,-4.41,8.97,1.14,3.19,-1.5,50,6.26,8.83,-138.96,-5.76,-8.66,30.32,"-14.59","24.0","22.8",3.6,"FF",NA,NA,NA,NA,NA,"","","http://gd2.mlb.com/components/game/mlb/year_2019/month_04/day_16/gid_2019_04_16_tormlb_minmlb_1/inning/inning_all.xml","top",4,"Y",25,NA,NA,NA,"1-1","gid_2019_04_16_tormlb_minmlb_1","B","162","cc9c576d-c67a-4e18-bea8-8835fad844a3",502043,475253,4,1,2,"003913","2019-04-17T00:39:13.000Z","L","6' 4","R","Justin Smoak walks.","Justin Smoak walks.","Walk","1","0","top",4,"Y",NA,NA,"Justin Smoak","Kyle Gibson",NA,"gid_2019_04_16_tormlb_minmlb_1","2019-04-16","2019-04-17T00:41:03.000Z","159","Walk","66d57ea3-2999-49be-babc-31e11840011e",NA,"2019"
"82","Ball","Ball",163,"B","004026","2019-04-17T00:40:26.000Z",58.44,"2019-04-17T00:40:26.000Z","190417_004031",94.5,86.3,3.58,1.8,-2.83,11.1,1.54,2.44,-1.49,50,6.23,9.19,-137.2,-8.21,-5.38,30.94,"-11.06","24.0","14.4",2.4,"FF",NA,NA,NA,NA,NA,"","","http://gd2.mlb.com/components/game/mlb/year_2019/month_04/day_16/gid_2019_04_16_tormlb_minmlb_1/inning/inning_all.xml","top",4,"Y",25,NA,NA,NA,"2-1","gid_2019_04_16_tormlb_minmlb_1","B","163","b2ddf3de-866d-40f8-96bd-c77443e895de",502043,475253,4,1,2,"003913","2019-04-17T00:39:13.000Z","L","6' 4","R","Justin Smoak walks.","Justin Smoak walks.","Walk","1","0","top",4,"Y",NA,NA,"Justin Smoak","Kyle Gibson",NA,"gid_2019_04_16_tormlb_minmlb_1","2019-04-16","2019-04-17T00:41:03.000Z","159","Walk","66d57ea3-2999-49be-babc-31e11840011e",NA,"2019"
"83","Ball","Ball",164,"B","004047","2019-04-17T00:40:47.000Z",97.98,"2019-04-17T00:40:47.000Z","190417_004052",80.8,75.3,3.5,1.8,3.8,-5.24,0.5,1.17,-2.01,50,6.18,4.69,-117.66,-3.14,5.34,21.69,"-39.54","24.0","8.4",12,"CU",NA,NA,NA,NA,NA,"","","http://gd2.mlb.com/components/game/mlb/year_2019/month_04/day_16/gid_2019_04_16_tormlb_minmlb_1/inning/inning_all.xml","top",4,"Y",25,NA,NA,NA,"3-1","gid_2019_04_16_tormlb_minmlb_1","B","164","66d57ea3-2999-49be-babc-31e11840011e",502043,475253,4,1,2,"003913","2019-04-17T00:39:13.000Z","L","6' 4","R","Justin Smoak walks.","Justin Smoak walks.","Walk","1","0","top",4,"Y",NA,NA,"Justin Smoak","Kyle Gibson",NA,"gid_2019_04_16_tormlb_minmlb_1","2019-04-16","2019-04-17T00:41:03.000Z","159","Walk","66d57ea3-2999-49be-babc-31e11840011e",NA,"2019"
"84","Ball","Ball",164,"B","010939","2019-04-23T01:09:39.000Z",92.18,"2019-04-23T01:09:39.000Z","190423_010945",76.5,70,2.96,1.19,4.89,-8.7,0.65,0.71,-0.74,50,6.39,1.66,-111.04,-2.49,5.99,23.66,"-42.82","24.0","8.4",14.4,"CU",NA,NA,NA,NA,NA,"","","http://gd2.mlb.com/components/game/mlb/year_2019/month_04/day_22/gid_2019_04_22_minmlb_houmlb_1/inning/inning_all.xml","bottom",3,"Y",26,NA,NA,NA,"2-2","gid_2019_04_22_minmlb_houmlb_1","B","164","ee5c95da-a49a-415e-8b63-886258bce77e",543606,514888,3,2,2,"010804","2019-04-23T01:08:04.000Z","R","5' 6","R","Jose Altuve grounds out, shortstop Jorge Polanco to first baseman C.  J. Cron.","Jose Altuve grounds out, shortstop Jorge Polanco to first baseman C.  J. Cron.","Groundout","0","3","bottom",3,"Y",NA,NA,"Jose Altuve","Jake Odorizzi",NA,"gid_2019_04_22_minmlb_houmlb_1","2019-04-22","2019-04-23T01:10:30.000Z","159","Groundout","8f74b684-30cf-4cc1-84b4-97cf05159705",NA,"2019"
"85","Ball","Ball",169,"B","011115","2019-04-23T01:11:15.000Z",81.13,"2019-04-23T01:11:15.000Z","190423_011120",75.3,70,3.3,1.5,4.54,-7.43,0.94,0.12,-0.79,50,6.23,2.46,-109.46,-3.64,5.47,20.44,"-41.13","24.0","8.4",14.4,"CU",NA,NA,NA,NA,NA,"","","http://gd2.mlb.com/components/game/mlb/year_2019/month_04/day_22/gid_2019_04_22_minmlb_houmlb_1/inning/inning_all.xml","bottom",3,"Y",27,NA,NA,NA,"1-0","gid_2019_04_22_minmlb_houmlb_1","B","169","24b403fe-9b0b-4a71-b2ed-02d4b92d49b6",543606,608324,2,0,3,"011048","2019-04-23T01:10:48.000Z","R","6' 0","R","Alex Bregman pops out to first baseman C.  J. Cron.","Alex Bregman pops out to first baseman C.  J. Cron.","Pop Out","0","3","bottom",3,"Y",NA,NA,"Alex Bregman","Jake Odorizzi",NA,"gid_2019_04_22_minmlb_houmlb_1","2019-04-22","2019-04-23T01:12:10.000Z","167","Pop Out","288a4e74-823b-4054-9251-6e6d425e971e",NA,"2019"
"86","Ball","Ball",173,"B","180319","2019-04-21T18:03:19.000Z",116.54,"2019-04-21T18:03:19.000Z","190421_180324",85.4,78.5,3.46,1.5,-8.05,3.8,0.01,0.62,-1.88,50,6.33,7.18,-123.95,-8.58,-12.48,25.56,"-26.28","24.0","21.6",8.4,"CH",NA,NA,NA,NA,NA,"","","http://gd2.mlb.com/components/game/mlb/year_2019/month_04/day_21/gid_2019_04_21_minmlb_balmlb_1/inning/inning_all.xml","bottom",3,"Y",29,NA,NA,NA,"1-0","gid_2019_04_21_minmlb_balmlb_1","B","173","996896fd-6c7a-4384-bd2a-bc282b628e39",502043,596105,2,0,2,"180237","2019-04-21T18:02:37.000Z","L","6' 0","R","Dwight Smith singles on a line drive to center fielder Byron Buxton.   Jonathan Villar scores.    Trey Mancini scores.","Dwight Smith singles on a line drive to center fielder Byron Buxton.   Jonathan Villar scores.    Trey Mancini scores.","Single","2","3","bottom",3,"Y",NA,NA,"Dwight Smith","Kyle Gibson",NA,"gid_2019_04_21_minmlb_balmlb_1","2019-04-21","2019-04-21T18:04:18.000Z","171","Single","059aaaac-2a30-45c5-b749-8f24cd1488ae",NA,"2019"
"87","Ball","Ball",182,"B","002009","2019-04-11T00:20:09.000Z",80.69,"2019-04-11T00:20:09.000Z","190411_002016",83.3,75.9,3.42,1.6,4.6,1.19,0.95,1.2,-0.79,50,6.24,2.72,-120.95,-5.55,6.72,26.87,"-30.44","24.0","13.2",9.6,"FC",NA,NA,NA,NA,NA,"","","http://gd2.mlb.com/components/game/mlb/year_2019/month_04/day_10/gid_2019_04_10_minmlb_nynmlb_1/inning/inning_all.xml","bottom",5,"Y",31,NA,NA,NA,"1-1","gid_2019_04_10_minmlb_nynmlb_1","B","182","79aabc80-9514-4246-a2e5-28125a98ee6b",543606,467092,2,1,1,"001916","2019-04-11T00:19:16.000Z","R","6' 1","R","Wilson Ramos grounds out, third baseman Willians Astudillo to first baseman C.  J. Cron.","Wilson Ramos grounds out, third baseman Willians Astudillo to first baseman C.  J. Cron.","Groundout","0","1","bottom",5,"Y",NA,NA,"Wilson Ramos","Jake Odorizzi",NA,"gid_2019_04_10_minmlb_nynmlb_1","2019-04-10","2019-04-11T00:20:51.000Z","179","Groundout","939a1879-3f83-4d08-8026-e203cc22109d",NA,"2019"
"88","Ball","Ball",183,"B","191646","2019-04-28T19:16:46.000Z",125.83,"2019-04-28T19:16:46.000Z","190428_191651",85.2,79.2,3.59,1.75,-8.58,4,-0.23,-0.59,-1.85,50,6.01,6.69,-123.63,-10.85,-13.37,23.13,"-25.95","24.0","24.0",8.4,"CH",NA,NA,NA,NA,NA,"","","http://gd2.mlb.com/components/game/mlb/year_2019/month_04/day_28/gid_2019_04_28_balmlb_minmlb_1/inning/inning_all.xml","top",4,"Y",29,NA,NA,NA,"1-1","gid_2019_04_28_balmlb_minmlb_1","B","183","562b5c75-db6f-4e69-9a7d-c415fc20eb77",502043,600524,3,3,1,"191603","2019-04-28T19:16:03.000Z","R","6' 1","R","Renato Nunez strikes out swinging.","Renato Nunez strikes out swinging.","Strikeout","4","0","top",4,"Y",NA,NA,"Renato Nunez","Kyle Gibson",NA,"gid_2019_04_28_balmlb_minmlb_1","2019-04-28","2019-04-28T19:18:37.000Z","180","Strikeout","f37faf43-e166-4f26-b6a9-d36474a401a5",NA,"2019"
"89","Ball","Ball",184,"B","191720","2019-04-28T19:17:20.000Z",126.27,"2019-04-28T19:17:20.000Z","190428_191724",92.2,85.4,3.66,1.73,-7.6,6.65,-0.24,0.82,-1.55,50,6.2,6.09,-133.89,-10.5,-13.92,26.43,"-19.99","24.0","30.0",6,"FT",NA,NA,NA,NA,NA,"","","http://gd2.mlb.com/components/game/mlb/year_2019/month_04/day_28/gid_2019_04_28_balmlb_minmlb_1/inning/inning_all.xml","top",4,"Y",29,NA,NA,NA,"2-1","gid_2019_04_28_balmlb_minmlb_1","B","184","31fa1c76-dee6-492a-b773-767998372ce6",502043,600524,3,3,1,"191603","2019-04-28T19:16:03.000Z","R","6' 1","R","Renato Nunez strikes out swinging.","Renato Nunez strikes out swinging.","Strikeout","4","0","top",4,"Y",NA,NA,"Renato Nunez","Kyle Gibson",NA,"gid_2019_04_28_balmlb_minmlb_1","2019-04-28","2019-04-28T19:18:37.000Z","180","Strikeout","f37faf43-e166-4f26-b6a9-d36474a401a5",NA,"2019"
"90","Ball","Ball",184,"B","211253","2019-04-20T21:12:53.000Z",85.54,"2019-04-20T21:12:53.000Z","190420_211258",92.5,84.2,3.69,1.62,-6.66,9.1,0.83,3.56,-2.95,50,5.56,12.28,-134.15,-2.36,-12.11,29.68,"-15.64","24.0","30.0",3.6,"FF",NA,NA,NA,NA,NA,"","","http://gd2.mlb.com/components/game/mlb/year_2019/month_04/day_20/gid_2019_04_20_minmlb_balmlb_1/inning/inning_all.xml","bottom",3,"Y",30,NA,NA,NA,"1-1","gid_2019_04_20_minmlb_balmlb_1","B","184","7c08eae7-78b8-41f5-9633-6e6fe8341c6e",621244,448801,3,1,3,"211203","2019-04-20T21:12:03.000Z","L","6' 3","R","Chris Davis doubles (3) on a fly ball to left fielder Eddie Rosario.  Rio Ruiz out at home on the throw, left fielder Eddie Rosario to third baseman Marwin Gonzalez to catcher Jason Castro.","Chris Davis doubles (3) on a fly ball to left fielder Eddie Rosario.  Rio Ruiz out at home on the throw, left fielder Eddie Rosario to third baseman Marwin Gonzalez to catcher Jason Castro.","Double","3","2","bottom",3,"Y",NA,NA,"Chris Davis","Jose Berrios",NA,"gid_2019_04_20_minmlb_balmlb_1","2019-04-20","2019-04-20T21:14:46.000Z","181","Double","7f2acbe6-ea31-472c-ba2c-62c779e24090",NA,"2019"
"91","Ball","Ball",185,"B","211313","2019-04-20T21:13:13.000Z",179.67,"2019-04-20T21:13:13.000Z","190420_211319",82.7,76,3.6,1.68,-9.19,2.84,-1.64,2.84,-3.23,50,5.4,6.61,-120.23,-0.21,-13.5,22.38,"-28.0","24.0","24.0",8.4,"CH",NA,NA,NA,NA,NA,"","","http://gd2.mlb.com/components/game/mlb/year_2019/month_04/day_20/gid_2019_04_20_minmlb_balmlb_1/inning/inning_all.xml","bottom",3,"Y",30,NA,NA,NA,"2-1","gid_2019_04_20_minmlb_balmlb_1","B","185","ae706af9-5c15-4d5f-b8fc-0841fc20021b",621244,448801,3,1,3,"211203","2019-04-20T21:12:03.000Z","L","6' 3","R","Chris Davis doubles (3) on a fly ball to left fielder Eddie Rosario.  Rio Ruiz out at home on the throw, left fielder Eddie Rosario to third baseman Marwin Gonzalez to catcher Jason Castro.","Chris Davis doubles (3) on a fly ball to left fielder Eddie Rosario.  Rio Ruiz out at home on the throw, left fielder Eddie Rosario to third baseman Marwin Gonzalez to catcher Jason Castro.","Double","3","2","bottom",3,"Y",NA,NA,"Chris Davis","Jose Berrios",NA,"gid_2019_04_20_minmlb_balmlb_1","2019-04-20","2019-04-20T21:14:46.000Z","181","Double","7f2acbe6-ea31-472c-ba2c-62c779e24090",NA,"2019"
"92","Ball","Ball",189,"B","005008","2019-04-17T00:50:08.000Z",58.22,"2019-04-17T00:50:08.000Z","190417_005013",93,84.5,3.58,1.83,-2.35,9.58,1.54,3.04,-1.48,50,6.32,8.83,-135.07,-5.96,-4.31,31.6,"-14.62","24.0","8.4",3.6,"FF",NA,NA,NA,NA,NA,"","","http://gd2.mlb.com/components/game/mlb/year_2019/month_04/day_16/gid_2019_04_16_tormlb_minmlb_1/inning/inning_all.xml","top",5,"Y",30,NA,NA,NA,"1-0","gid_2019_04_16_tormlb_minmlb_1","B","189","e315a592-1193-408c-8858-b2281eb2041f",502043,642133,2,3,1,"004942","2019-04-17T00:49:42.000Z","L","6' 4","R","Rowdy Tellez strikes out swinging.","Rowdy Tellez strikes out swinging.","Strikeout","1","0","top",5,"Y",NA,NA,"Rowdy Tellez","Kyle Gibson",NA,"gid_2019_04_16_tormlb_minmlb_1","2019-04-16","2019-04-17T00:51:19.000Z","187","Strikeout","d2f766b0-5bd9-4cf8-93c1-5e4321728c1a",NA,"2019"
"93","Ball","Ball",190,"B","192700","2019-03-30T19:27:00.000Z",60.43,"2019-03-30T19:27:00.000Z","190330_192705",83.7,77.5,3.15,1.51,1.67,7.62,1.48,2.29,-0.77,50,5.95,4.91,-121.89,-4.56,2.54,22.05,"-20.62","24.0","8.4",6,"FC",NA,NA,NA,NA,NA,"","","http://gd2.mlb.com/components/game/mlb/year_2019/month_03/day_30/gid_2019_03_30_clemlb_minmlb_1/inning/inning_all.xml","top",5,"Y",29,NA,NA,NA,"1-0","gid_2019_03_30_clemlb_minmlb_1","B","190","351f4e35-95af-43b6-8fcd-b76d3be47e71",543606,547379,3,2,1,"192639","2019-03-30T19:26:39.000Z","R","5' 11","R","Roberto Perez grounds out, third baseman Marwin Gonzalez to first baseman C.  J. Cron.","Roberto Perez grounds out, third baseman Marwin Gonzalez to first baseman C.  J. Cron.","Groundout","1","1","top",5,"Y",NA,NA,"Roberto Perez","Jake Odorizzi",NA,"gid_2019_03_30_clemlb_minmlb_1","2019-03-30","2019-03-30T19:28:48.000Z","188","Groundout","daea6162-6b86-492f-81c0-66e142df1c2f",NA,"2019"
"94","Ball","Ball",192,"B","182623","2019-04-03T18:26:23.000Z",111.95,"2019-04-03T18:26:23.000Z","190403_182628",93.6,87.4,3.73,1.76,-7.82,6.36,0.13,1.34,-1.61,50,6.26,7.48,-136.01,-9.63,-14.94,24.45,"-20.02","24.0","32.4",6,"FT",NA,NA,NA,NA,NA,"","","http://gd2.mlb.com/components/game/mlb/year_2019/month_04/day_03/gid_2019_04_03_minmlb_kcamlb_1/inning/inning_all.xml","bottom",4,"Y",31,NA,NA,NA,"0-0","gid_2019_04_03_minmlb_kcamlb_1","B","192","1b9f96c6-31e5-4520-a020-c6b380a7f599",502043,624585,4,2,1,"182608","2019-04-03T18:26:08.000Z","R","6' 4","R","Jorge Soler walks.","Jorge Soler walks.","Walk","1","3","bottom",4,"Y",NA,NA,"Jorge Soler","Kyle Gibson",NA,"gid_2019_04_03_minmlb_kcamlb_1","2019-04-03","2019-04-03T18:28:20.000Z","191","Walk","15f83765-e5f3-4f61-ad2f-86b2d6a51fe8",NA,"2019"
"95","Ball","Ball",193,"B","181826","2019-04-07T18:18:26.000Z",190.96,"2019-04-07T18:18:26.000Z","190407_181833",90.1,82.3,3.52,1.71,-9.31,6.09,-1.94,3.38,-3.11,50,5.39,6.17,-131.3,-1.04,-16.23,28.22,"-21.56","24.0","34.8",6,"FT",NA,NA,NA,NA,NA,"","","http://gd2.mlb.com/components/game/mlb/year_2019/month_04/day_07/gid_2019_04_07_minmlb_phimlb_1/inning/inning_all.xml","bottom",4,"Y",29,NA,NA,NA,"1-2","gid_2019_04_07_minmlb_phimlb_1","B","193","0e95193f-125e-4dcd-993a-1dbb2975d73d",621244,656555,2,3,1,"181642","2019-04-07T18:16:42.000Z","R","6' 4","R","Rhys Hoskins strikes out swinging.","Rhys Hoskins strikes out swinging.","Strikeout","0","1","bottom",4,"Y",NA,NA,"Rhys Hoskins","Jose Berrios",NA,"gid_2019_04_07_minmlb_phimlb_1","2019-04-07","2019-04-07T18:18:55.000Z","189","Strikeout","7cf3b9e2-bc95-4100-a9ee-49d4a452399e",NA,"2019"
"96","Ball","Ball",193,"B","182639","2019-04-03T18:26:39.000Z",105.53,"2019-04-03T18:26:39.000Z","190403_182645",85.9,79.9,3.74,1.79,-7.28,3.56,0.3,0.78,-1.98,50,6.13,7.98,-124.86,-7.9,-11.62,22.64,"-26.49","24.0","20.4",7.2,"CH",NA,NA,NA,NA,NA,"","","http://gd2.mlb.com/components/game/mlb/year_2019/month_04/day_03/gid_2019_04_03_minmlb_kcamlb_1/inning/inning_all.xml","bottom",4,"Y",31,NA,NA,NA,"1-0","gid_2019_04_03_minmlb_kcamlb_1","B","193","56bb9398-bb4e-4b39-a0f7-9c0010af327c",502043,624585,4,2,1,"182608","2019-04-03T18:26:08.000Z","R","6' 4","R","Jorge Soler walks.","Jorge Soler walks.","Walk","1","3","bottom",4,"Y",NA,NA,"Jorge Soler","Kyle Gibson",NA,"gid_2019_04_03_minmlb_kcamlb_1","2019-04-03","2019-04-03T18:28:20.000Z","191","Walk","15f83765-e5f3-4f61-ad2f-86b2d6a51fe8",NA,"2019"
"97","Ball","Ball",195,"B","191903","2019-04-14T19:19:03.000Z",97.13,"2019-04-14T19:19:03.000Z","190414_191908",91.7,83.3,3.47,1.64,-6.3,10.2,0.52,3.58,-2.85,50,5.49,10.99,-133.06,-2.36,-11.23,29.82,"-13.98","24.0","31.2",3.6,"FF",NA,NA,NA,NA,NA,"","","http://gd2.mlb.com/components/game/mlb/year_2019/month_04/day_14/gid_2019_04_14_detmlb_minmlb_1/inning/inning_all.xml","top",4,"Y",32,NA,NA,NA,"1-0","gid_2019_04_14_detmlb_minmlb_1","B","195","d20ff875-e167-4ccb-800a-288dfea40f29",621244,640460,2,0,2,"191840","2019-04-14T19:18:40.000Z","R","6' 2","R","Dustin Peterson grounds out, shortstop Jorge Polanco to first baseman C.  J. Cron.","Dustin Peterson grounds out, shortstop Jorge Polanco to first baseman C.  J. Cron.","Groundout","5","2","top",4,"Y",NA,NA,"Dustin Peterson","Jose Berrios",NA,"gid_2019_04_14_detmlb_minmlb_1","2019-04-14","2019-04-14T19:19:31.000Z","193","Groundout","e712a751-5a24-40be-8865-71976f680caa",NA,"2019"
"98","Ball","Ball",196,"B","005001","2019-04-10T00:50:01.000Z",106.85,"2019-04-10T00:50:01.000Z","190410_005006",93.6,85.3,3.7,1.6,-10.5,9.63,0.27,1.13,-1.65,50,6.29,8.75,-135.68,-11.12,-19.46,31.18,"-14.33","24.0","46.8",4.8,"FT",NA,NA,NA,NA,NA,"","","http://gd2.mlb.com/components/game/mlb/year_2019/month_04/day_09/gid_2019_04_09_minmlb_nynmlb_1/inning/inning_all.xml","bottom",3,"Y",28,NA,NA,NA,"1-0","gid_2019_04_09_minmlb_nynmlb_1","B","196","65909ce4-98e1-4452-a035-a9093888b102",502043,429664,3,2,2,"004915","2019-04-10T00:49:15.000Z","L","6' 0","R","Robinson Cano grounds out, first baseman Willians Astudillo to second baseman Jonathan Schoop to pitcher Kyle Gibson.","Robinson Cano grounds out, first baseman Willians Astudillo to second baseman Jonathan Schoop to pitcher Kyle Gibson.","Groundout","2","5","bottom",3,"Y",NA,NA,"Robinson Cano","Kyle Gibson",NA,"gid_2019_04_09_minmlb_nynmlb_1","2019-04-09","2019-04-10T00:52:02.000Z","194","Groundout","1adfece3-df41-4a9a-b14b-9e6d33676357",NA,"2019"
"99","Ball","Ball",197,"B","002610","2019-04-11T00:26:10.000Z",172.98,"2019-04-11T00:26:10.000Z","190411_002616",84.2,77,3.37,1.6,-7.15,5.36,-1.47,2.99,-0.83,50,6.24,0.7,-122.43,-2.87,-10.82,24.77,"-24.06","24.0","24.0",7.2,"FS",NA,NA,NA,NA,NA,"","","http://gd2.mlb.com/components/game/mlb/year_2019/month_04/day_10/gid_2019_04_10_minmlb_nynmlb_1/inning/inning_all.xml","bottom",5,"Y",33,NA,NA,NA,"2-2","gid_2019_04_10_minmlb_nynmlb_1","B","197","ef4b2875-0e89-4ecf-851d-45356f9eeb5b",543606,642708,4,2,1,"002211","2019-04-11T00:22:11.000Z","R","6' 2","R","Amed Rosario walks.   Jeff McNeil to 2nd.","Amed Rosario walks.   Jeff McNeil to 2nd.","Walk","0","1","bottom",5,"Y",NA,NA,"Amed Rosario","Jake Odorizzi",NA,"gid_2019_04_10_minmlb_nynmlb_1","2019-04-10","2019-04-11T00:26:44.000Z","189","Walk","0526af10-6dd6-46af-b316-9752b7fe5319",NA,"2019"
"100","Ball","Ball",197,"B","182815","2019-04-03T18:28:15.000Z",77.82,"2019-04-03T18:28:15.000Z","190403_182821",86.4,80.9,3.71,1.73,1.9,-1.13,1.03,0.91,-1.9,50,6.07,6.68,-125.66,-6.05,3.07,22.37,"-34.0","24.0","6.0",8.4,"SL",NA,NA,NA,NA,NA,"","","http://gd2.mlb.com/components/game/mlb/year_2019/month_04/day_03/gid_2019_04_03_minmlb_kcamlb_1/inning/inning_all.xml","bottom",4,"Y",31,NA,NA,NA,"3-2","gid_2019_04_03_minmlb_kcamlb_1","B","197","15f83765-e5f3-4f61-ad2f-86b2d6a51fe8",502043,624585,4,2,1,"182608","2019-04-03T18:26:08.000Z","R","6' 4","R","Jorge Soler walks.","Jorge Soler walks.","Walk","1","3","bottom",4,"Y",NA,NA,"Jorge Soler","Kyle Gibson",NA,"gid_2019_04_03_minmlb_kcamlb_1","2019-04-03","2019-04-03T18:28:20.000Z","191","Walk","15f83765-e5f3-4f61-ad2f-86b2d6a51fe8",NA,"2019"
"101","Ball","Ball",198,"B","002637","2019-04-11T00:26:37.000Z",161.58,"2019-04-11T00:26:37.000Z","190411_002642",91.1,82.6,3.48,1.65,-8.11,11.06,-1.17,4.54,-1.01,50,6.18,2.33,-132.54,-1.84,-14.31,30.25,"-12.65","24.0","46.8",4.8,"FF",NA,NA,NA,NA,NA,"","","http://gd2.mlb.com/components/game/mlb/year_2019/month_04/day_10/gid_2019_04_10_minmlb_nynmlb_1/inning/inning_all.xml","bottom",5,"Y",33,NA,NA,NA,"3-2","gid_2019_04_10_minmlb_nynmlb_1","B","198","0526af10-6dd6-46af-b316-9752b7fe5319",543606,642708,4,2,1,"002211","2019-04-11T00:22:11.000Z","R","6' 2","R","Amed Rosario walks.   Jeff McNeil to 2nd.","Amed Rosario walks.   Jeff McNeil to 2nd.","Walk","0","1","bottom",5,"Y",NA,NA,"Amed Rosario","Jake Odorizzi",NA,"gid_2019_04_10_minmlb_nynmlb_1","2019-04-10","2019-04-11T00:26:44.000Z","189","Walk","0526af10-6dd6-46af-b316-9752b7fe5319",NA,"2019"
"102","Ball","Ball",198,"B","192437","2019-04-27T19:24:37.000Z",158.26,"2019-04-27T19:24:37.000Z","190427_192442",82.9,75.8,3.91,1.87,-10.89,5.49,-1.08,1.14,-3.08,50,5.15,8.1,-120.4,-4.43,-15.94,24.1,"-24.15","24.0","30.0",8.4,"CH",NA,NA,NA,NA,NA,"","","http://gd2.mlb.com/components/game/mlb/year_2019/month_04/day_27/gid_2019_04_27_balmlb_minmlb_1/inning/inning_all.xml","top",4,"Y",27,NA,NA,NA,"1-1","gid_2019_04_27_balmlb_minmlb_1","B","198","d79a1927-b0b7-48c4-828e-311e7f51f0b2",621244,448801,2,3,3,"192328","2019-04-27T19:23:28.000Z","L","6' 3","R","Chris Davis called out on strikes.","Chris Davis called out on strikes.","Strikeout","1","1","top",4,"Y",NA,NA,"Chris Davis","Jose Berrios",NA,"gid_2019_04_27_balmlb_minmlb_1","2019-04-27","2019-04-27T19:26:07.000Z","195","Strikeout","5697ae3d-a030-4414-9e7a-04b5dad68b69",NA,"2019"
"103","Ball","Ball",201,"B","182916","2019-04-03T18:29:16.000Z",117.48,"2019-04-03T18:29:16.000Z","190403_182920",90.9,83.8,3.56,1.66,-10.26,5.18,-0.01,1.04,-2.1,50,5.93,8.93,-132.07,-8.38,-18.19,27.08,"-23.0","24.0","33.6",7.2,"FT",NA,NA,NA,NA,NA,"","","http://gd2.mlb.com/components/game/mlb/year_2019/month_04/day_03/gid_2019_04_03_minmlb_kcamlb_1/inning/inning_all.xml","bottom",4,"Y",32,NA,NA,NA,"1-0","gid_2019_04_03_minmlb_kcamlb_1","B","201","9b00bade-5e65-4f80-8b86-10f414563d2f",502043,656811,2,0,1,"182838","2019-04-03T18:28:38.000Z","L","6' 3","R","Ryan O'Hearn singles on a ground ball to right fielder Jake Cave.   Jorge Soler to 2nd.","Ryan O'Hearn singles on a ground ball to right fielder Jake Cave.   Jorge Soler to 2nd.","Single","1","3","bottom",4,"Y",NA,NA,"Ryan O'Hearn","Kyle Gibson",NA,"gid_2019_04_03_minmlb_kcamlb_1","2019-04-03","2019-04-03T18:29:52.000Z","199","Single","82af6897-416c-47cc-b197-2132695153e3",NA,"2019"
"104","Ball","Ball",205,"B","005316","2019-04-10T00:53:16.000Z",80.62,"2019-04-10T00:53:16.000Z","190410_005321",92.3,83,3.17,1.5,-6.05,13.01,0.95,2.03,-1.75,50,6.37,9.13,-133.79,-9.65,-10.76,33.75,"-9.02","24.0","37.2",3.6,"FF",NA,NA,NA,NA,NA,"","","http://gd2.mlb.com/components/game/mlb/year_2019/month_04/day_09/gid_2019_04_09_minmlb_nynmlb_1/inning/inning_all.xml","bottom",3,"Y",29,NA,NA,NA,"1-1","gid_2019_04_09_minmlb_nynmlb_1","B","205","2e809163-e1fb-442a-9c15-2a68a67c5a67",502043,624424,3,1,2,"005218","2019-04-10T00:52:18.000Z","L","6' 1","R","Michael Conforto homers (3) on a fly ball to right field.","Michael Conforto homers (3) on a fly ball to right field.","Home Run","3","5","bottom",3,"Y",NA,NA,"Michael Conforto","Kyle Gibson",NA,"gid_2019_04_09_minmlb_nynmlb_1","2019-04-09","2019-04-10T00:54:27.000Z","202","Home Run","05fda22a-f548-4ce3-bd7d-abb9a1f0e7b9",NA,"2019"
"105","Ball","Ball",206,"B","005337","2019-04-10T00:53:37.000Z",103.35,"2019-04-10T00:53:37.000Z","190410_005342",86.5,79.1,3.16,1.46,-13.17,2.63,0.36,0.68,-1.93,50,6.17,9.85,-125.45,-7.88,-20.82,27.23,"-28.02","24.0","32.4",9.6,"CH",NA,NA,NA,NA,NA,"","","http://gd2.mlb.com/components/game/mlb/year_2019/month_04/day_09/gid_2019_04_09_minmlb_nynmlb_1/inning/inning_all.xml","bottom",3,"Y",29,NA,NA,NA,"2-1","gid_2019_04_09_minmlb_nynmlb_1","B","206","f7892f0c-6bc5-40a9-bb79-2ba4c0916428",502043,624424,3,1,2,"005218","2019-04-10T00:52:18.000Z","L","6' 1","R","Michael Conforto homers (3) on a fly ball to right field.","Michael Conforto homers (3) on a fly ball to right field.","Home Run","3","5","bottom",3,"Y",NA,NA,"Michael Conforto","Kyle Gibson",NA,"gid_2019_04_09_minmlb_nynmlb_1","2019-04-09","2019-04-10T00:54:27.000Z","202","Home Run","05fda22a-f548-4ce3-bd7d-abb9a1f0e7b9",NA,"2019"
"106","Ball","Ball",207,"B","003020","2019-04-11T00:30:20.000Z",158.17,"2019-04-11T00:30:20.000Z","190411_003026",83.4,76.9,3.59,1.6,-6.07,2.66,-1.08,1.8,-0.93,50,6.19,1.53,-121.29,-4.63,-9.05,23.46,"-28.2","24.0","16.8",8.4,"FS",NA,NA,NA,NA,NA,"","","http://gd2.mlb.com/components/game/mlb/year_2019/month_04/day_10/gid_2019_04_10_minmlb_nynmlb_1/inning/inning_all.xml","bottom",5,"Y",34,NA,NA,NA,"2-2","gid_2019_04_10_minmlb_nynmlb_1","B","207","638d6c39-978a-404c-a5a6-0c8a08068752",543606,605204,4,2,1,"002649","2019-04-11T00:26:49.000Z","R","6' 3","R","J.D. Davis walks.   Jeff McNeil to 3rd.    Amed Rosario to 2nd.","J.D. Davis walks.   Jeff McNeil to 3rd.    Amed Rosario to 2nd.","Walk","0","1","bottom",5,"Y",NA,NA,"J.D. Davis","Jake Odorizzi",NA,"gid_2019_04_10_minmlb_nynmlb_1","2019-04-10","2019-04-11T00:31:01.000Z","202","Walk","ed5bc802-2f28-4747-9e2c-5f43db31d820",NA,"2019"
"107","Ball","Ball",208,"B","003056","2019-04-11T00:30:56.000Z",86.05,"2019-04-11T00:30:56.000Z","190411_003101",85,78.8,3.5,1.57,-8.31,2.59,0.81,1.07,-0.63,50,6,6.18,-123.41,-6.3,-12.92,22.63,"-28.15","24.0","21.6",8.4,"FS",NA,NA,NA,NA,NA,"","","http://gd2.mlb.com/components/game/mlb/year_2019/month_04/day_10/gid_2019_04_10_minmlb_nynmlb_1/inning/inning_all.xml","bottom",5,"Y",34,NA,NA,NA,"3-2","gid_2019_04_10_minmlb_nynmlb_1","B","208","ed5bc802-2f28-4747-9e2c-5f43db31d820",543606,605204,4,2,1,"002649","2019-04-11T00:26:49.000Z","R","6' 3","R","J.D. Davis walks.   Jeff McNeil to 3rd.    Amed Rosario to 2nd.","J.D. Davis walks.   Jeff McNeil to 3rd.    Amed Rosario to 2nd.","Walk","0","1","bottom",5,"Y",NA,NA,"J.D. Davis","Jake Odorizzi",NA,"gid_2019_04_10_minmlb_nynmlb_1","2019-04-10","2019-04-11T00:31:01.000Z","202","Walk","ed5bc802-2f28-4747-9e2c-5f43db31d820",NA,"2019"
"108","Ball","Ball",213,"B","213845","2019-03-28T21:38:45.000Z",56.61,"2019-03-28T21:38:45.000Z","190328_213850",93.4,85.6,3.36,1.7,-9.49,7.39,1.59,2.48,-2.62,50,5.38,14.56,-135.24,-4.31,-17.68,27.84,"-18.4","24.0","37.2",4.8,"FT",NA,NA,NA,NA,NA,"","","http://gd2.mlb.com/components/game/mlb/year_2019/month_03/day_28/gid_2019_03_28_clemlb_minmlb_1/inning/inning_all.xml","top",7,"Y",41,NA,NA,NA,"2-2","gid_2019_03_28_clemlb_minmlb_1","B","213","478135f1-49b9-4a67-9c01-0c2f76c6fd15",621244,571980,3,3,1,"213609","2019-03-28T21:36:09.000Z","L","6' 2","R","Tyler Naquin strikes out swinging.","Tyler Naquin strikes out swinging.","Strikeout","0","0","top",7,"Y",NA,NA,"Tyler Naquin","Jose Berrios",NA,"gid_2019_03_28_clemlb_minmlb_1","2019-03-28","2019-03-28T21:39:17.000Z","207","Strikeout","d72290fa-0528-4ca2-90d1-ecb40b502ac3",NA,"2019"
"109","Ball","Ball",214,"B","003143","2019-04-11T00:31:43.000Z",10.35,"2019-04-11T00:31:43.000Z","190411_003150",93.2,84.6,3.42,1.67,-6.96,14.17,2.8,0.56,-0.57,50,5.63,11.31,-134.56,-12.27,-12.7,30.56,"-6.33","24.0","48.0",3.6,"FF",NA,NA,NA,NA,NA,"","","http://gd2.mlb.com/components/game/mlb/year_2019/month_04/day_10/gid_2019_04_10_minmlb_nynmlb_1/inning/inning_all.xml","bottom",5,"Y",35,NA,NA,NA,"0-0","gid_2019_04_10_minmlb_nynmlb_1","B","214","d4b40f83-e19c-4c3c-acdf-3a4814ccb24e",543606,592789,4,2,2,"003128","2019-04-11T00:31:28.000Z","L","6' 6","R","Noah Syndergaard walks.   Amed Rosario to 3rd.    J.D. Davis to 2nd.","Noah Syndergaard walks.   Amed Rosario to 3rd.    J.D. Davis to 2nd.","Walk","0","1","bottom",5,"Y",NA,NA,"Noah Syndergaard","Jake Odorizzi",NA,"gid_2019_04_10_minmlb_nynmlb_1","2019-04-10","2019-04-11T00:34:52.000Z","213","Walk","361f81ce-db34-496c-8992-715d629ad7c7",NA,"2019"
"110","Ball","Ball",219,"B","003445","2019-04-11T00:34:45.000Z",64.16,"2019-04-11T00:34:45.000Z","190411_003450",90.3,81.7,3.28,1.7,-9.65,10.7,1.39,3.54,-0.79,50,5.96,8.83,-131.02,-3.57,-16.63,29.85,"-13.73","24.0","45.6",4.8,"FF",NA,NA,NA,NA,NA,"","","http://gd2.mlb.com/components/game/mlb/year_2019/month_04/day_10/gid_2019_04_10_minmlb_nynmlb_1/inning/inning_all.xml","bottom",5,"Y",35,NA,NA,NA,"3-2","gid_2019_04_10_minmlb_nynmlb_1","B","219","361f81ce-db34-496c-8992-715d629ad7c7",543606,592789,4,2,2,"003128","2019-04-11T00:31:28.000Z","L","6' 6","R","Noah Syndergaard walks.   Amed Rosario to 3rd.    J.D. Davis to 2nd.","Noah Syndergaard walks.   Amed Rosario to 3rd.    J.D. Davis to 2nd.","Walk","0","1","bottom",5,"Y",NA,NA,"Noah Syndergaard","Jake Odorizzi",NA,"gid_2019_04_10_minmlb_nynmlb_1","2019-04-10","2019-04-11T00:34:52.000Z","213","Walk","361f81ce-db34-496c-8992-715d629ad7c7",NA,"2019"
"111","Ball","Ball",224,"B","182205","2019-04-21T18:22:05.000Z",78.36,"2019-04-21T18:22:05.000Z","190421_182211",93.2,86.3,2.94,1.39,-7.71,7.45,1.01,2.93,-1.41,50,6.36,9.21,-135.58,-5.86,-14.53,26.15,"-18.13","24.0","33.6",4.8,"FT",NA,NA,NA,NA,NA,"","","http://gd2.mlb.com/components/game/mlb/year_2019/month_04/day_21/gid_2019_04_21_minmlb_balmlb_1/inning/inning_all.xml","bottom",4,"Y",36,NA,NA,NA,"1-1","gid_2019_04_21_minmlb_balmlb_1","B","224","81966913-ad52-4db9-8ff1-0abcd0657888",502043,572073,3,2,1,"182127","2019-04-21T18:21:27.000Z","R","6' 1","R","Joey Rickard singles on a line drive to center fielder Byron Buxton.","Joey Rickard singles on a line drive to center fielder Byron Buxton.","Single","2","4","bottom",4,"Y",NA,NA,"Joey Rickard","Kyle Gibson",NA,"gid_2019_04_21_minmlb_balmlb_1","2019-04-21","2019-04-21T18:24:04.000Z","221","Single","a2960dbf-08b1-4594-8fa0-df78deb8d077",NA,"2019"
"112","Ball","Ball",227,"B","011150","2019-04-30T01:11:50.000Z",124.8,"2019-04-30T01:11:50.000Z","190430_011155",91.4,83.4,3.24,1.6,-3.73,9.93,-0.21,3.52,-1.03,50,5.96,3.43,-133.09,-3.68,-6.69,29.01,"-14.38","24.0","21.6",3.6,"FF",NA,NA,NA,NA,NA,"","","http://gd2.mlb.com/components/game/mlb/year_2019/month_04/day_29/gid_2019_04_29_houmlb_minmlb_1/inning/inning_all.xml","top",6,"Y",38,NA,NA,NA,"0-0","gid_2019_04_29_houmlb_minmlb_1","B","227","f9c4e5c0-9da4-436f-86f4-57adf8eb9ff1",543606,608324,4,1,1,"011134","2019-04-30T01:11:34.000Z","R","6' 0","R","Alex Bregman walks.","Alex Bregman walks.","Walk","1","0","top",6,"Y",NA,NA,"Alex Bregman","Jake Odorizzi",NA,"gid_2019_04_29_houmlb_minmlb_1","2019-04-29","2019-04-30T01:13:13.000Z","226","Walk","6dfd31c3-289e-4e45-9ac6-a958c67b2238",NA,"2019"
"113","Ball","Ball",228,"B","011207","2019-04-30T01:12:07.000Z",153.58,"2019-04-30T01:12:07.000Z","190430_011212",84.3,78.2,3.21,1.6,-7.9,3.45,-0.96,1.71,-1.1,50,5.87,2.85,-122.99,-4.62,-12.19,22.68,"-26.85","24.0","22.8",8.4,"FS",NA,NA,NA,NA,NA,"","","http://gd2.mlb.com/components/game/mlb/year_2019/month_04/day_29/gid_2019_04_29_houmlb_minmlb_1/inning/inning_all.xml","top",6,"Y",38,NA,NA,NA,"1-0","gid_2019_04_29_houmlb_minmlb_1","B","228","40e6a66b-955a-4210-b388-71c4e8b4f68a",543606,608324,4,1,1,"011134","2019-04-30T01:11:34.000Z","R","6' 0","R","Alex Bregman walks.","Alex Bregman walks.","Walk","1","0","top",6,"Y",NA,NA,"Alex Bregman","Jake Odorizzi",NA,"gid_2019_04_29_houmlb_minmlb_1","2019-04-29","2019-04-30T01:13:13.000Z","226","Walk","6dfd31c3-289e-4e45-9ac6-a958c67b2238",NA,"2019"
